3800 5417
427 682 429 686 .
533 605 604 698 De
631 607 816 698 Peccatis
849 572 1109 726 capitalibus:
1264 572 1345 722 ζοῖι
1431 584 1434 588 ’
1521 595 1523 599 ’

299 758 505 880 inenraque
525 802 647 858 coram
668 777 824 859 Notario
845 748 1021 876 pecunia,
1047 780 1207 860 scribitur
1227 782 1263 859 in
1287 784 1343 861 in-
1378 819 1381 824 ·
1437 735 1460 753 δ’

298 876 498 960 strumento
519 879 624 955 talem
646 881 816 957 luminum
835 899 1012 972 receptam
1035 878 1164 959 fuillca
1186 879 1341 959 Censua·

297 984 377 1069 riis,
392 979 449 1058 seu
467 980 710 1056 venditoribus
738 977 880 1067 census,
900 980 937 1057 dr
965 999 1083 1061 tamen
1106 1005 1183 1075 pute
1210 1005 1342 1079 magne
1460 1004 1472 1013 ‘

298 1078 512 1177 subtrahitur
533 1103 579 1155 err
608 1079 798 1174 comoedo
830 1081 874 1156 ab
892 1096 1079 1175 emptore,
1107 1095 1221 1178 utque
1246 1081 1343 1165 lraue

297 1181 402 1279 regiis
434 1177 761 1258 Constitutionious
789 1177 875 1257 latia
898 1199 1074 1277 regotur.
1101 1179 1233 1260 fundus
1258 1182 1341 1278 poll

244 1324 262 1349 ·
298 1285 456 1361 nror'tcni
481 1277 663 1355 ceniitoris
682 1332 693 1363 ‚
713 1278 771 1361 seu
802 1295 975 1378 emptoris
999 1280 1209 1376 relinquitur
1237 1305 1340 1358 coor-

298 1373 754 1465 iuunitati,live80dalitio
777 1379 980 1465 censuario,
1002 1378 1086 1457 fluo
1111 1380 1338 1469 donationis.

300 1479 356 1556 iel
378 1476 594 1557 fundationis
615 1530 625 1565 ‚
650 1479 847 1557 contrado·
873 1479 958 1574 Qua
991 1484 1027 1555 in
1051 1503 1088 1554 re
1112 1502 1195 1556 cunr
1221 1480 1337 1569 fraus.

266 1647 272 1652 .
298 1576 628 1672 dilaniuntur
661 1577 847 1655 manifellae
878 1581 945 1655 lint
961 1633 972 1665 ,
990 1581 1145 1676 graviter
1161 1597 1343 1674 peccant.

300 1680 363 1777 qui
382 1682 584 1754 coinntunis
608 1679 765 1756 utilitatis
781 1693 958 1792 praetextu
978 1678 1099 1760 oculus
1119 1675 1340 1760 vitalitioseo

300 1775 405 1886 pello
426 1777 657 1870 relidunt‚&
678 1774 911 1855 constituunt.

349 1874 542 1972 Objiciun't
561 1880 712 1975 quinto,
737 1877 917 1956 ulutatum
942 1878 1110 1971 patronis
1127 1877 1256 1947 Montes
1270 1876 1342 1971 pie.
1427 1864 1444 1923 ‘t

299 1981 381 2057 raris
400 1974 576 2063 initalia,
611 1976 647 2051 ἃ
674 1978 711 2052 in
736 1974 860 2073 Belgio
893 1978 1069 2053 institutos
1105 1975 1340 2059 foeneratitiot

299 2072 565 2169 ''ellesadeoq'ue
580 2074 701 2156 foenus
715 2088 827 2155 omne
839 2100 915 2152 non
929 2068 995 2153 elle
1008 2074 1239 2171 prohibitum·
1280 2075 1340 2153 llll

298 2178 420 2255 iuteni
442 2176 540 2247 Mons
561 2180 700 2266 pictatis
729 2176 864 2254 summu
890 2176 1051 2273 quaedunr
1071 2179 1228 2271 pecunie
1250 2190 1339 2260 ,aut

299 2272 446 2354 eliorum
469 2275 660 2354 reruutulu
678 2274 1017 2358 consumendarum.
1034 2296 1080 2351 ex
1094 2270 1239 2371 publico
1256 2294 1347 2350 ern·-

297 2374 380 2462 iio,
401 2373 455 2450 iel
486 2374 627 2450 aliunde
650 2364 802 2453 condita
823 2386 890 2460 ,ut
917 2398 1015 2450 exea
1040 2395 1206 2455 mutuum
1234 2373 1339 2451 detur

302 2474 514 2573 pauperibus
529 2521 538 2550 ,
555 2485 594 2548 e'a
617 2473 695 2570 lege
720 2522 731 2556 ‚
757 2485 796 2552 ut
824 2473 1009 2551 nnodicrinr
1037 2474 1123 2573 quid
1147 2474 1236 2552 ultra
1267 2471 1340 2551 lot-

302 2578 375 2652 tem
395 2570 534 2659 solvant
549 2595 617 2668 pro
642 2577 776 2653 montis
802 2572 1055 2655 indemnitate,
1077 2568 1138 2651 nili
1164 2573 1262 2649 aliter
1283 2570 1341 2667 illl

299 2673 521 2755 indemnitati
546 2669 770 2768 proluetluur
788 2670 904 2748 luerit.
932 2671 994 2749 llis
1014 2690 1133 2751 autent
1155 2671 1342 2752 montibus

300 2780 406 2850 c‘ertae
426 2771 653 2850 conditiones
683 2770 762 2848 lunt
782 2771 981 2867 prellieutae
1002 2795 1012 2862 ;
1033 2768 1171 2854 Prima.
1196 2786 1236 2849 ut
1260 2792 1339 2847 tnu-

300 2883 404 2951 tuum
425 2870 530 2949 detur
553 2868 597 2945 ud
616 2883 748 2947 certans
775 2869 972 2947 suminam,
995 2870 1340 2964 determinatumque

300 2987 467 3070 tempus,
488 2983 522 3045 r.
544 2984 597 3067 gr·
618 2971 662 3046 ed
691 2969 871 3048 medium,
895 2982 957 3045 aut
982 2974 1163 3066 integrunt
1179 2991 1338 3062 enititum

300 3068 415 3156 neni
441 3069 655 3166 adiungunt
677 3082 820 3163 tempus
842 3068 1003 3154 daretur,
1021 3071 1233 3168 pauperibus
1257 3093 1339 3144 om·

301 3173 406 3251 nibu's
429 3182 594 3247 mutuum
614 3173 815 3266 petentibus
836 3161 1009 3245 subreniri
1026 3186 1100 3246 uon
1124 3166 1250 3264 pollet.
1278 3167 1340 3244 Se-

300 3268 451 3347 cundo,
477 3285 518 3346 ‘ut
539 3283 706 3344 murtrum
736 3283 811 3343 non
837 3272 939 3344 detur
964 3267 1035 3344 une
1056 3274 1232 3366 pignore,
1249 3271 1341 3365 xquie

302 3368 499 3471 periculum
523 3369 638 3453 foret,
661 3393 705 3443 ne
720 3369 835 3465 plures
855 3370 1014 3444 debiturn
1037 3392 1111 3446 non
1131 3366 1340 3450 redderent,

301 3482 410 3567 ttq‘ue
426 3464 475 3545 ita
488 3482 651 3545 niolttein
669 3467 736 3544 luis
751 3464 974 3546 facultatibus
991 3468 1227 3549 exhaurirent·
1252 3463 1341 3545 Ter·
1395 3544 1399 3549 ,
1478 3462 1498 3518 ’-

301 3574 381 3647 tio‚
406 3583 447 3642 ut
469 3568 620 3644 evoluto
643 3567 827 3644 solutionis
855 3573 1011 3645 termino
1045 3568 1241 3645 vendantur
1265 3587 1342 3643 nou

302 3670 451 3763 repetite
475 3669 646 3763 pignora,
670 3667 705 3740 dr
731 3665 756 3739 li
782 3669 936 3762 pretium
962 3665 1105 3743 illorum
1131 3665 1343 3762 superauerit

303 3766 340 3842 id
357 3822 367 3852 ,
384 3765 485 3866 quod
508 3769 624 3842 nronti
645 3765 792 3843 debetur
806 3765 850 3839 ab
871 3764 956 3848 illis.
975 3786 1133 3861 quornm
1154 3778 1271 3846 erent,
1289 3786 1342 3840 re·

304 3862 443 3943 fiduuur
460 3864 540 3964 ipln
561 3867 769 3941 restituatur·
794 3864 959 3956 Quarto.
979 3883 1019 3944 ut
1039 3868 1082 3940 ab
1100 3867 1159 3948 iis.
1181 3868 1240 3963 qui
1263 3887 1342 3938 rnu-

303 3981 407 4043 tuum
433 3967 636 4063 accipiunt.
661 3965 849 4042 modicum
871 3963 1002 4060 aliquid
1038 3966 1222 4060 recipiatur
1253 3963 1343 4039 ultre

302 4066 446 4142 sortem·
474 4064 533 4141 Sic
557 4064 734 4144 institutos
760 4082 903 4144 montet
924 4065 1062 4158 pietatis
1094 4058 1220 4143 summi
1247 4060 1341 4138 Pon·

304 4163 415 4241 tilices
450 4163 566 4233 Paulus
585 4167 633 4243 ΙΙ,
663 4162 851 4240 SixtusIV.
887 4164 998 4235 Iunoc.
1016 4161 1116 4236 VIII.
1149 4166 1216 4235 Leo
1233 4164 1275 4238 X.
1303 4162 1341 4237 iu

304 4262 475 4340 Concilio
499 4261 718 4339 iateranensr
740 4257 822 4345 Seis.
842 4283 895 4338 ιο.
914 4263 1179 4356 approbarunt,
1197 4284 1342 4340 necnon

303 4365 443 4442 socrum
464 4358 606 4443 Concil.
622 4362 721 4440 Trid.
744 4358 895 4437 Selino·
919 4360 1057 4443 usuram
1082 4365 1200 4461 iraque
1217 4361 1343 4441 orode·

305 4478 419 4543 tatem
442 4466 640 4563 approbare
665 4461 805 4542 videtur
830 4459 992 4542 Ecclesia-

763 4656 892 4742 Ccz
1229 4652 1301 4739 Re
1431 4670 1436 4680 “
