3800 5417
513 494 600 644 nt
665 529 823 630 rnen
851 529 969 644 oog.
1001 531 1043 622 u
1075 525 1227 630 nom,
1257 463 1354 630 rlb.
1371 495 1458 632 uu

518 708 710 794 Ecclesia.
738 703 972 802 reipublicae,
993 701 1098 780 alicui
1123 701 1301 790 societati,
1319 719 1381 783 aut
1398 703 1563 798 familie,

516 808 846 911 telprivatisetiam
863 801 1018 899 personis
1042 804 1242 880 imminent·
1265 803 1303 881 si
1326 807 1428 900 quis,
1456 831 1491 891 v.
1510 811 1562 908 g'r.

517 936 604 1010 cum
624 903 809 991 Eccleilae,
832 901 1056 1001 reipublicae,
1083 903 1137 978 vei
1165 905 1300 980 ordinis
1319 907 1492 1002 alicujus,
1507 925 1566 988 aut

518 1011 694 1090 societatis
716 1006 887 1102 publico,
908 1007 1081 1101 gravique
1095 1003 1312 1084 detrimento
1332 1003 1373 1082 srt
1394 1011 1440 1082 ad
1460 1013 1566 1086 bene·

519 1111 643 1192 licium
663 1103 811 1205 aliquod
836 1104 1082 1200 ,dignitatem
1107 1156 1118 1190 ,
1142 1103 1197 1178 tel
1223 1097 1383 1182 officium
1415 1129 1567 1206 promus

516 1209 655 1289 iendus
667 1253 677 1285 2
689 1203 831 1282 occulta
842 1203 931 1279 illius
945 1204 1029 1278 titia
1046 1255 1055 1281 ‚
1070 1205 1124 1278 vel
1139 1203 1292 1280 delettus
1313 1207 1472 1304 prodere
1494 1208 1566 1286 lici-

516 1327 597 1391 tum
620 1357 631 1392 ,
654 1329 695 1382 ac
715 1305 776 1379 reli
807 1301 919 1380 iolum
950 1303 1030 1389 cst,
1053 1305 1168 1379 modo
1203 1295 1237 1378 id
1262 1304 1461 1400 prudenter
1483 1307 1565 1396 liat,

517 1413 783 1496 neccitranece
810 1417 934 1479 etatem
952 1425 1040 1480 ‚nec
1069 1403 1226 1501 pluribus
1251 1423 1562 1502 quamoporteat,

519 1503 557 1588 dr
579 1531 626 1585 ex
645 1504 837 1586 charitate,
857 1503 1018 1599 bonique
1039 1502 1171 1598 publici
1183 1501 1309 1580 studio·
1332 1503 1391 1582 Sic
1403 1509 1512 1584 etiam
1526 1501 1565 1586 liss

515 1616 629 1688 citum
653 1604 701 1680 eit
714 1603 801 1679 alioc
813 1623 963 1679 monere
976 1649 985 1680 ‚
1000 1617 1040 1680 ut
1060 1601 1121 1678 irbi
1139 1617 1286 1680 caveant
1301 1605 1345 1680 ab
1356 1627 1425 1693 eo,¹
1455 1621 1563 1706 quern

514 1716 618 1787 'certo
635 1701 726 1780 nolli
737 1757 748 1791 ,
759 1702 814 1784 rel
825 1713 901 1780 non
914 1721 1047 1780 temere
1068 1703 1245 1798 lulpicarit
1258 1697 1327 1779 elle
1350 1703 1490 1794 furem,
1506 1733 1563 1786 re-

514 1807 706 1888 neficum,
728 1809 955 1902 ganeonem,
970 1803 1219 1902 proditorem,
1235 1805 1410 1898 impium,
1425 1807 1562 1886 hereti.

515 1927 602 1988 cum
617 1961 627 1993 ,
645 1903 808 2002 pestit'ero
825 1904 978 1979 morbo,
994 1918 1056 1979 aut
1072 1903 1129 1979 lue
1145 1923 1291 1978 venerea
1311 1903 1562 1992 laborantem

514 2009 542 2088 ti
564 2005 697 2083 maluur
715 2011 761 2081 eir
778 2002 981 2096 hujusmodi
1016 2001 1173 2078 hominia
1204 2001 1371 2080 societate
1391 2005 1475 2102 ipfie
1497 2011 1559 2086 iru-

498 2110 652 2188 minens
664 2103 761 2178 aliter
776 2116 934 2178 avertere
952 2125 1025 2176 non
1041 2099 1156 2197 pollis.
1184 2097 1283 2179 Licet
1296 2105 1425 2198 pariter
1436 2107 1560 2186 occul

512 2217 593 2286 tum
610 2203 750 2280 alteriue
770 2202 906 2277 crimen
928 2200 1099 2295 prodere,
1115 2201 1139 2277 sr
1153 2201 1250 2278 aliter
1260 2203 1305 2278 ab
1318 2205 1447 2298 injusta
1471 2205 1561 2286 illiue

512 2307 705 2384 vexatione
726 2301 861 2378 liberari
882 2321 957 2376 non
971 2297 1099 2396 pollis,
1118 2303 1233 2378 modo
1256 2301 1411 2382 servetur
1433 2311 1559 2386 mode·

512 2407 626 2491 tatio,
645 2423 713 2479 nec
734 2401 833 2497 plura
856 2442 866 2476 2
888 2411 950 2478 aut
970 2403 1131 2496 graviora
1164 2409 1210 2478 eit
1239 2401 1328 2477 iliius
1348 2407 1558 2486 criminibut'

511 2501 665 2584 occultis
688 2501 910 2584 revelentur,
932 2523 1040 2598 quarn
1053 2499 1208 2595 postulet
1224 2499 1322 2597 justa
1343 2501 1556 2586 defendonir

511 2599 714 2690 necellrtae,
732 2623 800 2676 nec
820 2599 1113 2676 vindtttaeanmo
1139 2599 1173 2676 id
1198 2599 1269 2682 liat.
1300 2595 1351 2678 lta
1378 2605 1460 2682 teuc
1479 2621 1556 2686 nod

509 2717 660 2804 peccat,
684 2701 800 2779 nrulto
826 2703 943 2777 minus
960 2701 1152 2787 innocens,
1169 2704 1231 2794 qui
1251 2701 1391 2778 testium
1417 2707 1554 2800 illegiti·
1602 2719 1607 2730 '

508 2826 657 2882 cnorum
675 2802 872 2880 testimonia
885 2855 894 2885 ,
909 2801 1037 2899 quibus
1060 2799 1280 2877 damnandus
1301 2801 1371 2888 est,-
1401 2803 1456 2882 vel
1486 2815 1552 2904 ορ.

535 2902 714 2981 rimendus
730 2955 741 2989 ,
757 2900 915 2994 repellit,
939 2923 1025 2976 vero
1050 2900 1192 2975 illorum
1216 2903 1364 2976 crimine
1388 2903 1552 2992 detetlor

505 2927 547 3081 gc
570 3005 736 3098 probato·
765 3000 855 3078 Non
876 3023 965 3096 ergo
985 3000 1258 3097 quaelibetalieoi
1272 3007 1407 3096 peccati
1420 3059 1431 3091 ,
1444 3011 1551 3094 etiarn

444 3173 450 3184 ,
506 3101 643 3179 occulti
665 3104 855 3181 revelatio,
875 3100 1100 3175 detratiionis
1119 3113 1306 3197 peccatum
1330 3103 1400 3188 est,
1425 3103 1482 3182 sed
1510 3119 1550 3186 ee'

502 3215 645 3277 tantum
670 3225 769 3296 ,qua
796 3199 933 3294 justitiae
957 3253 967 3285 ,
999 3200 1052 3273 vel
1073 3199 1249 3276 charitatis
1270 3200 1364 3278 ordo
1384 3205 1550 3284 violatura

503 3297 611 3378 Hanc
623 3324 767 3379 morurn
783 3297 956 3395 Regulam
969 3297 1157 3374 confirmat
1172 3304 1205 3373 S.
1220 3298 1381 3386 Thomas,
1395 3324 1431 3376 2.
1442 3321 1476 3374 2.
1487 3330 1549 3405 qu.

500 3416 638 3494 73·art.
659 3419 693 3480 2.
710 3457 732 3494 ‚,
743 3457 763 3492 „
780 3397 816 3474 Si
836 3401 940 3474 verba
957 3395 972 3488 (
990 3400 1100 3496 inquit
1114 3393 1201 3494 )per
1213 3421 1293 3496 quae
1305 3399 1549 3484 famaalteridt

500 3501 731 3585 diminuitur,
756 3499 911 3596 proferat
927 3499 1052 3596 aliquis
1073 3516 1219 3597 propter
1237 3500 1383 3597 aliquod
1405 3507 1545 3582 bonum

500 3598 753 3687 necessarium,
769 3599 895 3675 debitis
906 3599 1172 3674 circumstantiis
1183 3597 1392 3687 observatis,
1405 3625 1483 3680 noo
1496 3605 1545 3682 eit

501 3718 712 3797 peccatum,
729 3724 797 3776 nec
816 3699 931 3795 potest
947 3698 1018 3774 dici
1041 3699 1211 3774 detrattio
1240 3753 1262 3788 „
1275 3735 1311 3789 „t-

546 3799 636 3878 Haec
658 3797 794 3896 Regula
813 3799 1045 3874 confirmatur
1066 3820 1113 3874 ex
1129 3803 1160 3866 S.
1171 3794 1315 3883 Basilio,
1334 3801 1370 3876 in
1397 3797 1543 3898 Regulie

496 3898 737 3998 brevioribus,
753 3903 1039 3995 interrogatione
1054 3913 1110 3980 ας.
1122 3953 1147 3992 1,,
1160 3953 1182 3988 „
1199 3896 1287 3974 Duo
1299 3899 1462 3994 (inquit)
1474 3901 1543 3984 effe

494 3997 658 4072 existimo
676 4015 837 4094 tempora
860 4053 870 4080 ,
898 3999 1083 4090 inquibus
1113 3995 1216 4074 liceat
1243 3999 1375 4092 aliquid
1396 4003 1478 4079 mali
1496 4005 1541 4084 dc

494 4098 616 4192 aliquo
631 4096 768 4186 dicer'e;
785 4096 946 4172 uidelicet
973 4096 1172 4190 &quando
1195 4095 1330 4174 necelle
1351 4099 1459 4178 habet
1480 4105 1540 4182 ali·

493 4198 571 4294 qrtis
593 4197 788 4272 cont'ultare
813 4220 880 4271 una
904 4198 1009 4269 etiarn
1025 4217 1107 4270 curn
1128 4197 1220 4280 aliis,
1236 4199 1353 4292 quiad
1369 4201 1442 4276 hoc
1459 4203 1538 4282 ido·

493 4300 551 4372 nei
570 4299 712 4390 judicati
737 4295 821 4382 lint,
839 4317 914 4387 quo
931 4296 1034 4390 patio
1054 4297 1290 4390 corrigendus
1308 4297 1367 4383 lit,
1380 4302 1442 4396 qui
1453 4325 1537 4416 pec-

491 4411 611 4471 catum
628 4395 805 4470 commitit
822 4417 834 4486 ;
854 4396 890 4468 dc
908 4397 991 4470 itenr
1013 4396 1160 4488 quando
1191 4389 1368 4474 necetius
1388 4407 1532 4498 polcit,
1604 4477 1614 4500 s

491 4509 534 4573 ut
555 4496 713 4593 periculo
735 4493 937 4573 consulatur
960 4496 1258 4594 aliquorum,qui
1288 4497 1533 4593 saepenumero

1444 4617 1492 4678 εἲ
