3800 5417
567 593 640 686 De
668 592 867 685 Pectoris*
878 528 1139 706 multatibus.
1196 672 1199 679 -
1312 610 1399 702 tlt

396 764 470 846 Dei
490 780 699 862 praeopto,
725 735 898 864 nusquam
911 767 1052 846 ibono,
1079 762 1196 857 licita,
1221 777 1395 862 aucteu-

396 868 462 953 da,
485 866 604 944 multo
632 868 752 942 minus
772 865 986 962 obligatoriis
1008 860 1077 942 else
1100 859 1218 965 potiit·
1348 896 1352 901 ·

341 1020 598 1185 Libidinosa
627 1021 812 1101 deleilttio
828 1072 838 1106 ‚
857 1045 937 1117 quc
963 1025 1000 1098 in
1028 1017 1202 1100 effubone
1228 1018 1392 1117 genitalia

442 1118 579 1197 seminis
605 1120 835 1206 sentitur‚ita
860 1123 1135 1207 vehemens,ac
1150 1118 1299 1201 efftaenis
1321 1121 1395 1207 est,

342 1225 390 1301 ira
408 1224 585 1298 rationem
608 1220 791 1314 absorbet,
810 1244 851 1298 ac
879 1222 988 1299 veluti
1009 1221 1222 1316 submergit,
1237 1233 1278 1297 ut
1301 1241 1394 1297 cun·

342 1339 409 1406 tro¹
429 1325 604 1398 rationem
633 1319 673 1397 fit
705 1326 783 1398 eam
810 1344 971 1416 unquam
999 1342 1218 1416 procurare,
1240 1317 1296 1396 vel
1329 1316 1395 1396 ad·
1510 1360 1516 1381 i

342 1425 484 1498 nuttere
500 1475 511 1506 ,
528 1439 589 1497 out
613 1441 781 1523 expetere
806 1424 892 1498 citra
923 1420 1124 1516 legitimum
1149 1417 1251 1496 usum
1271 1419 1392 1497 matri·
1441 1476 1445 1483 -

343 1522 468 1595 monii.
498 1519 603 1598 Unde
628 1543 697 1596 nec
724 1520 793 1617 ipso
821 1519 1022 1619 conjugalis
1042 1519 1210 1616 pudicitia
1229 1539 1392 1617 unquam

343 1644 384 1696 ea
405 1621 549 1696 libidine
579 1622 631 1699 uti
652 1619 778 1703 vellet,
801 1618 824 1695 11
849 1622 979 1717 abique
1001 1618 1058 1696 iila
1075 1616 1167 1697 filios
1189 1640 1390 1716 propagare

318 1717 478 1818 ‘pulsem
502 1735 542 1797 ut
559 1726 591 1792 S.
606 1716 738 1815 August.
756 1716 869 1797 asserit
887 1721 979 1797 libro
999 1741 1054 1812 14.
1082 1722 1137 1792 Dc
1155 1720 1306 1788 civitate
1319 1713 1391 1789 uel

343 1831 495 1918 cap.16.
519 1868 544 1907 „
561 1875 584 1912 „
611 1816 708 1897 Cum
732 1824 842 1917 igitur
860 1817 927 1897 lint
943 1819 1134 1900 multarum
1156 1817 1315 1897 libidines
1333 1839 1390 1893 re.

343 1943 449 1997 tum,
469 1935 587 1996 tamen
611 1944 695 1997 cum
719 1919 831 1998 libido
851 1918 1005 2006 dicitur,
1029 1942 1147 2018 neque
1164 1920 1266 2012 cujus
1285 1916 1408 1993 teiliae
1519 1966 1524 1975 f
1636 1920 1640 1927 “

342 2018 431 2095 bido
451 2015 513 2096 fit,
527 2018 694 2103 additur,
714 2043 789 2097 non
811 2019 883 2097 fere
900 2018 1034 2096 odlolet
1051 2020 1174 2096 animo
1198 2038 1390 2104 occurrere

344 2117 521 2206 tribillo,
545 2141 615 2214 qua
636 2117 814 2222 obscoenae
846 2120 1010 2215 corporis
1036 2132 1150 2214 partes
1172 2120 1389 2201 excitantur.
1414 2110 1418 2124 '

344 2214 436 2296 Haec
460 2231 579 2295 autem
598 2216 660 2295 tibi
688 2242 761 2296 non
790 2218 903 2299 solum
927 2234 1048 2298 totum
1074 2242 1228 2314 corpus,
1244 2237 1314 2307 nec
1334 2214 1391 2305 so,-

345 2316 421 2395 lum
443 2316 657 2396 extrinsecus
673 2364 684 2399 ‚
702 2342 826 2397 aerum
849 2322 954 2396 etiam
975 2317 1182 2399 intrinsecus
1210 2315 1388 2404 vindicat,

347 2433 540 2512 totumque
559 2435 771 2497 commovet
792 2418 1004 2508 hominem,
1022 2419 1131 2496 animi
1143 2415 1246 2497 limul
1261 2413 1397 2495 offeilu'

329 2538 430 2595 ,cum
453 2509 758 2616 carois‘appttitu
784 2518 1012 2612 conjuncto,
1044 2535 1152 2616 atque
1180 2518 1386 2618 permixto,

345 2633 387 2694 ut
405 2639 445 2693 ea
466 2616 630 2723 voluptas
651 2614 838 2715 sequatur.
858 2641 928 2716 qua
951 2619 1065 2715 major
1082 2620 1119 2696 in
1142 2617 1305 2714 corporis
1322 2638 1390 2693 vo·

344 2716 538 2814 luptatibus
562 2716 657 2794 nulla
677 2718 751 2807 est3
781 2721 828 2796 ita
862 2736 901 2795 ut
925 2735 1115 2799 momento
1140 2716 1215 2818 ipso
1246 2733 1391 2814 tempo·

345 2821 417 2919 ris,
439 2840 515 2914 quo
540 2816 584 2893 ad
609 2818 683 2911 ejus
704 2820 908 2912 pervenitur
930 2835 1135 2896 extremum
1158 2867 1168 2901 ‚
1189 2841 1283 2916 pene
1308 2839 1389 2891 om·
1459 2900 1461 2905 ,

346 2919 400 2992 nis
421 2919 536 2994 acies,
560 2916 597 2992 &
618 2914 714 3016 quast
739 2918 857 3012 vigilia
876 2921 1106 3014 cogitationis
1126 2921 1264 2996 obruat·
1292 2913 1395 3010 Quis¹

346 3031 464 3094 autem
483 3019 616 3093 amicus
641 3016 839 3107 sapientiae,
863 3017 1134 3119 fundorumque
1149 3018 1385 3114 gaudiorum»

327 3115 697 3214 'conjugatemagens
722 3119 851 3202 vitam,
877 3115 1069 3204 led,s1cut
1122 3118 1279 3214 postolos
1303 3140 1384 3192 mo·
1480 3182 1483 3188 .
1579 3199 1584 3211 ‚
1645 3197 1648 3202 ,

346 3215 446 3292 nuit:
465 3221 574 3286 Sciens
595 3239 656 3284 vas
682 3214 776 3302 saum
797 3216 952 3310 pofflderc
976 3221 1011 3288 in
1033 3121 1318 3305 [cognitationem
1339 3218 1383 3288 θ’
1402 3209 1425 3254 ¹·
1444 3186 1582 3269 Tm*
1626 3298 1628 3303 ,

345 3315 492 3396 bonore,
515 3339 575 3386 non
599 3316 634 3386 in
655 3313 764 3385 morbo
787 3315 964 3406 «lebdeni,
985 3315 1070 3405 ficut
1091 3321 1134 3391 d·
1161 3336 1298 3410 gentes,
1318 3339 1386 3410 qaae

347 3420 501 3508 ignorant
524 3420 632 3486 Deam
650 3468 659 3494 .
680 3439 756 3492 nou
782 3417 926 3500 mallet,
949 3417 972 3494 sl
1000 3415 1137 3512 pollet,
1158 3417 1229 3494 sine
1255 3418 1321 3493 hac
1346 3419 1386 3492 li·

346 3517 467 3592 bidinc
484 3513 573 3592 filios
588 3536 794 3622 procrearet
809 3535 848 3595 ut
866 3521 970 3594 etiam
993 3519 1026 3593 iu
1048 3519 1120 3594 hoc
1134 3517 1284 3593 letendae
1301 3539 1385 3613 pro·

345 3615 388 3691 lis
406 3611 550 3707 officio,
565 3614 611 3692 stc
624 3640 698 3714 etus
711 3619 823 3694 menti
842 3640 906 3702 ta,
924 3641 1004 3714 quae
1017 3618 1059 3692 ad
1075 3618 1147 3695 hoc
1163 3641 1255 3710 opus
1270 3632 1385 3694 creata

345 3715 449 3801 lunt,
475 3716 780 3813 quemadmodum
807 3732 930 3795 caetera
959 3718 1024 3795 luis
1050 3740 1201 3818 quaeoue
1217 3718 1386 3816 operibus

347 3813 527 3892 distributa
559 3820 715 3893 membra
738 3817 933 3902 lectitent,
958 3835 1048 3895 nutu
1061 3910 1064 3917 Ι
1079 3817 1269 3895 voluntatis
1287 3816 1386 3899 aba·

347 3938 423 3991 non
450 3915 533 3992 aestu
560 3916 710 3991 libidinis
735 3918 876 3992 incitata
898 3916 990 4008 „ol
1152 3918 1155 3925 '
1393 3928 1406 3958 ·

400 4011 444 4092 b't
468 4016 528 4096 lib.
542 4035 579 4108 4.
603 4021 727 4086 Contra
744 4017 949 4100 micanum,
975 4034 1130 4107 cau-,14
1162 4013 1389 4112 Pelagianum
1533 4038 1547 4093 ι

346 4113 446 4191 illum
465 4131 657 4211 patronum
675 4115 828 4193 libidinis
845 4120 892 4194 ita
906 4114 1120 4214 compellatt
1136 4171 1158 4206 „
1171 4171 1193 4208 ‚,
1222 4114 1303 4199 lita,
1322 4138 1391 4213 pro
1447 4184 1459 4197 ,
1572 4170 1578 4179 x

348 4237 419 4312 qua
435 4237 578 4292 mecum
592 4219 697 4292 tantis
715 4217 1006 4292 contentionibus
1020 4211 1154 4312 litigas,
1165 4214 1269 4290 eriam
1283 4238 1393 4312 quan·

348 4317 400 4389 do
418 4316 462 4389 ad
485 4339 561 4391 eam
583 4318 677 4391 bono
699 4317 916 4402 intentione,
936 4315 1009 4396 boc
1026 4316 1075 4391 est
1098 4361 1107 4391 2
1130 4312 1237 4392 causae
1262 4336 1396 4409 propa.

349 4415 475 4510 gandae
490 4416 598 4509 prolis
614 4415 812 4499 acceditur.
834 4432 952 4490 tamen
971 4418 1005 4490 io
1036 4410 1111 4508 ipso
1130 4437 1262 4511 opere,
1284 4435 1394 4506 quein

348 4517 544 4612 permittit,
565 4515 717 4615 aliquid,
735 4515 911 4693 noaldico
925 4514 1121 4612 sapientia„
1139 4511 1196 4592 led
1208 4511 1394 4627 cujuslibet

859 4630 949 4691 ma
1294 4630 1344 4691 iel
