<?xml version="1.0" encoding="UTF-8"?>
<!DOCTYPE html PUBLIC "-//W3C//DTD XHTML 1.0 Transitional//EN"
    "http://www.w3.org/TR/xhtml1/DTD/xhtml1-transitional.dtd">
<html xmlns="http://www.w3.org/1999/xhtml" xml:lang="en" lang="en">
 <head>
  <title>
</title>
<meta http-equiv="Content-Type" content="text/html;charset=utf-8" />
  <meta name='ocr-system' content='tesseract 3.04.00' />
  <meta name='ocr-capabilities' content='ocr_page ocr_carea ocr_par ocr_line ocrx_word'/>
</head>
<body>
  <div class='ocr_page' id='page_1' title='image "./theologiadogmat00alexgoog_0147.png"; bbox 0 0 3800 5417; ppageno 0'>
   <div class='ocr_carea' id='block_1_1' title="bbox 462 531 1457 687">
    <p class='ocr_par' dir='ltr' id='par_1_1' title="bbox 462 531 1457 687">
     <span class='ocr_line' id='line_1_1' title="bbox 462 531 1457 687; baseline 0.026 -28"><span class='ocrx_word' id='word_1_1' title='bbox 462 626 464 631; x_wconf 78' lang='lat'><em>.</em></span> <span class='ocrx_word' id='word_1_2' title='bbox 553 569 624 665; x_wconf 77' lang='lat' dir='ltr'>ue</span> <span class='ocrx_word' id='word_1_3' title='bbox 648 570 834 663; x_wconf 76' lang='lat' dir='ltr'>Peccata</span> <span class='ocrx_word' id='word_1_4' title='bbox 862 559 1122 687; x_wconf 71' lang='lat' dir='ltr'>capiamus</span> <span class='ocrx_word' id='word_1_5' title='bbox 1302 531 1399 684; x_wconf 32' lang='lat' dir='ltr'>aas*</span> <span class='ocrx_word' id='word_1_6' title='bbox 1451 554 1457 563; x_wconf 80' lang='grc'>’</span> 
     </span>
    </p>
   </div>
   <div class='ocr_carea' id='block_1_2' title="bbox 293 731 1547 4727">
    <p class='ocr_par' dir='ltr' id='par_1_2' title="bbox 323 731 1385 1043">
     <span class='ocr_line' id='line_1_2' title="bbox 329 731 1383 844; baseline 0 -23"><span class='ocrx_word' id='word_1_7' title='bbox 329 731 557 828; x_wconf 77' lang='lat' dir='ltr'>Praeseduras</span> <span class='ocrx_word' id='word_1_8' title='bbox 578 764 707 821; x_wconf 83' lang='lat' dir='ltr'>omnes</span> <span class='ocrx_word' id='word_1_9' title='bbox 724 741 1104 844; x_wconf 79' lang='lat' dir='ltr'>prosiliunt,&#39;timidior</span> <span class='ocrx_word' id='word_1_10' title='bbox 1117 768 1129 837; x_wconf 88' lang='lat'>;</span> <span class='ocrx_word' id='word_1_11' title='bbox 1141 742 1178 820; x_wconf 71' lang='grc' dir='ltr'>ἃ</span> <span class='ocrx_word' id='word_1_12' title='bbox 1191 732 1383 833; x_wconf 85' lang='lat' dir='ltr'>iisrursus,</span> 
     </span>
     <span class='ocr_line' id='line_1_3' title="bbox 323 842 1385 947; baseline 0.002 -24"><span class='ocrx_word' id='word_1_13' title='bbox 323 847 391 947; x_wconf 84' lang='lat' dir='ltr'>&#39;qm</span> <span class='ocrx_word' id='word_1_14' title='bbox 406 869 533 922; x_wconf 88' lang='lat' dir='ltr'>omnes</span> <span class='ocrx_word' id='word_1_15' title='bbox 543 844 708 941; x_wconf 79' lang='lat' dir='ltr'>fugiunt,</span> <span class='ocrx_word' id='word_1_16' title='bbox 728 845 908 923; x_wconf 83' lang='lat' dir='ltr'>audacior.</span> <span class='ocrx_word' id='word_1_17' title='bbox 933 843 1022 923; x_wconf 82' lang='lat' dir='ltr'>Hac</span> <span class='ocrx_word' id='word_1_18' title='bbox 1034 843 1080 922; x_wconf 84' lang='lat' dir='ltr'>de</span> <span class='ocrx_word' id='word_1_19' title='bbox 1109 842 1165 921; x_wconf 86' lang='lat' dir='ltr'>his</span> <span class='ocrx_word' id='word_1_20' title='bbox 1184 848 1289 924; x_wconf 84' lang='lat' dir='ltr'>rebus</span> <span class='ocrx_word' id='word_1_21' title='bbox 1305 867 1385 933; x_wconf 80' lang='lat' dir='ltr'>mea</span> 
     </span>
     <span class='ocr_line' id='line_1_4' title="bbox 328 944 1229 1043; baseline -0.011 -19"><span class='ocrx_word' id='word_1_22' title='bbox 328 947 381 1025; x_wconf 86' lang='lat' dir='ltr'>est</span> <span class='ocrx_word' id='word_1_23' title='bbox 408 944 577 1022; x_wconf 85' lang='lat' dir='ltr'>sententia</span> <span class='ocrx_word' id='word_1_24' title='bbox 607 982 678 1036; x_wconf 55' lang='grc' dir='ltr'>Μ.</span> <span class='ocrx_word' id='word_1_25' title='bbox 1225 1035 1229 1043; x_wconf 24' lang='lat'>⁸</span> 
     </span>
    </p>

    <p class='ocr_par' dir='ltr' id='par_1_3' title="bbox 326 1036 1387 1240">
     <span class='ocr_line' id='line_1_5' title="bbox 379 1036 1387 1142; baseline 0.001 -28"><span class='ocrx_word' id='word_1_26' title='bbox 379 1050 414 1124; x_wconf 83' lang='lat' dir='ltr'>S.</span> <span class='ocrx_word' id='word_1_27' title='bbox 435 1040 569 1142; x_wconf 73' lang='lat' dir='ltr'>Augus·</span> <span class='ocrx_word' id='word_1_28' title='bbox 593 1042 701 1139; x_wconf 83' lang='lat' dir='ltr'>Epist·</span> <span class='ocrx_word' id='word_1_29' title='bbox 723 1044 784 1131; x_wconf 78' lang='lat'>48·</span> <span class='ocrx_word' id='word_1_30' title='bbox 801 1036 882 1118; x_wconf 80' lang='lat' dir='ltr'>alias</span> <span class='ocrx_word' id='word_1_31' title='bbox 908 1047 969 1127; x_wconf 81' lang='lat'>81.</span> <span class='ocrx_word' id='word_1_32' title='bbox 995 1040 1041 1119; x_wconf 76' lang='lat' dir='ltr'>ad</span> <span class='ocrx_word' id='word_1_33' title='bbox 1060 1041 1247 1115; x_wconf 77' lang='lat' dir='ltr'>Eudoxium</span> <span class='ocrx_word' id='word_1_34' title='bbox 1266 1044 1387 1124; x_wconf 72' lang='lat' dir='ltr'>Abba·</span> 
     </span>
     <span class='ocr_line' id='line_1_6' title="bbox 326 1136 1387 1240; baseline -0.003 -15"><span class='ocrx_word' id='word_1_35' title='bbox 326 1158 424 1225; x_wconf 72' lang='lat' dir='ltr'>tem,</span> <span class='ocrx_word' id='word_1_36' title='bbox 448 1148 485 1220; x_wconf 73' lang='grc' dir='ltr'>ἀ</span> <span class='ocrx_word' id='word_1_37' title='bbox 507 1143 713 1220; x_wconf 86' lang='lat' dir='ltr'>Monachus</span> <span class='ocrx_word' id='word_1_38' title='bbox 739 1140 855 1219; x_wconf 71' lang='lat' dir='ltr'>insuia</span> <span class='ocrx_word' id='word_1_39' title='bbox 873 1138 1060 1240; x_wconf 71' lang='lat' dir='ltr'>Capraria.</span> <span class='ocrx_word' id='word_1_40' title='bbox 1083 1196 1140 1234; x_wconf 83' lang='lat'>„„</span> <span class='ocrx_word' id='word_1_41' title='bbox 1168 1136 1246 1219; x_wconf 87' lang='lat' dir='ltr'>Vos</span> <span class='ocrx_word' id='word_1_42' title='bbox 1264 1150 1387 1223; x_wconf 78' lang='lat' dir='ltr'>autem</span> 
     </span>
    </p>

    <p class='ocr_par' dir='ltr' id='par_1_4' title="bbox 293 1239 1387 1338">
     <span class='ocr_line' id='line_1_7' title="bbox 293 1239 1387 1338; baseline -0.01 -16"><span class='ocrx_word' id='word_1_43' title='bbox 293 1260 296 1271; x_wconf 90' lang='grc'><strong>’</strong></span> <span class='ocrx_word' id='word_1_44' title='bbox 325 1244 491 1330; x_wconf 79' lang='lat' dir='ltr'>Fratres(</span> <span class='ocrx_word' id='word_1_45' title='bbox 507 1253 619 1338; x_wconf 76' lang='lat' dir='ltr'>inquit</span> <span class='ocrx_word' id='word_1_46' title='bbox 630 1249 644 1329; x_wconf 87' lang='grc'>)</span> <span class='ocrx_word' id='word_1_47' title='bbox 662 1239 896 1319; x_wconf 72' lang='lat' dir='ltr'>exhortamur</span> <span class='ocrx_word' id='word_1_48' title='bbox 919 1247 956 1318; x_wconf 90' lang='lat' dir='ltr'>in</span> <span class='ocrx_word' id='word_1_49' title='bbox 981 1239 1169 1327; x_wconf 83' lang='lat' dir='ltr'>Domino,</span> <span class='ocrx_word' id='word_1_50' title='bbox 1187 1259 1228 1320; x_wconf 93' lang='lat' dir='ltr'>ut</span> <span class='ocrx_word' id='word_1_51' title='bbox 1246 1266 1387 1338; x_wconf 69' lang='lat' dir='ltr'>propo.</span> 
     </span>
    </p>

    <p class='ocr_par' dir='ltr' id='par_1_5' title="bbox 322 1340 1547 3638">
     <span class='ocr_line' id='line_1_8' title="bbox 326 1340 1388 1439; baseline -0.005 -14"><span class='ocrx_word' id='word_1_52' title='bbox 326 1344 435 1425; x_wconf 86' lang='lat' dir='ltr'>situm</span> <span class='ocrx_word' id='word_1_53' title='bbox 450 1344 602 1421; x_wconf 83' lang='lat' dir='ltr'>vestrum</span> <span class='ocrx_word' id='word_1_54' title='bbox 616 1340 892 1428; x_wconf 61' lang='lat' dir='ltr'>custodiarum&amp;</span> <span class='ocrx_word' id='word_1_55' title='bbox 914 1341 1024 1439; x_wconf 88' lang='lat' dir='ltr'>usque</span> <span class='ocrx_word' id='word_1_56' title='bbox 1045 1344 1080 1418; x_wconf 92' lang='lat' dir='ltr'>in</span> <span class='ocrx_word' id='word_1_57' title='bbox 1100 1341 1206 1417; x_wconf 87' lang='lat' dir='ltr'>finem</span> <span class='ocrx_word' id='word_1_58' title='bbox 1225 1342 1388 1435; x_wconf 71' lang='lat' dir='ltr'>periere·</span> 
     </span>
     <span class='ocr_line' id='line_1_9' title="bbox 324 1438 1387 1542; baseline -0.005 -17"><span class='ocrx_word' id='word_1_59' title='bbox 324 1447 430 1538; x_wconf 77' lang='lat' dir='ltr'>tetis3</span> <span class='ocrx_word' id='word_1_60' title='bbox 449 1468 491 1521; x_wconf 89' lang='lat' dir='ltr'>ac</span> <span class='ocrx_word' id='word_1_61' title='bbox 507 1444 530 1519; x_wconf 90' lang='lat' dir='ltr'>ri</span> <span class='ocrx_word' id='word_1_62' title='bbox 545 1467 651 1542; x_wconf 90' lang='lat' dir='ltr'>quam</span> <span class='ocrx_word' id='word_1_63' title='bbox 668 1464 815 1537; x_wconf 81' lang='lat' dir='ltr'>operam</span> <span class='ocrx_word' id='word_1_64' title='bbox 828 1440 977 1516; x_wconf 82' lang='lat' dir='ltr'>vestram</span> <span class='ocrx_word' id='word_1_65' title='bbox 992 1452 1103 1518; x_wconf 83' lang='lat' dir='ltr'>mater</span> <span class='ocrx_word' id='word_1_66' title='bbox 1116 1438 1268 1519; x_wconf 79' lang='lat' dir='ltr'>Ecclesia</span> <span class='ocrx_word' id='word_1_67' title='bbox 1296 1440 1387 1520; x_wconf 55' lang='lat' dir='ltr'>deus</span> 
     </span>
     <span class='ocr_line' id='line_1_10' title="bbox 325 1539 1386 1639; baseline -0.004 -17"><span class='ocrx_word' id='word_1_68' title='bbox 325 1546 502 1623; x_wconf 80' lang='lat' dir='ltr'>dotaverit</span> <span class='ocrx_word' id='word_1_69' title='bbox 514 1600 524 1630; x_wconf 91' lang='lat'>‚</span> <span class='ocrx_word' id='word_1_70' title='bbox 534 1539 602 1618; x_wconf 84' lang='lat' dir='ltr'>nec</span> <span class='ocrx_word' id='word_1_71' title='bbox 617 1541 768 1618; x_wconf 87' lang='lat' dir='ltr'>elatione</span> <span class='ocrx_word' id='word_1_72' title='bbox 780 1541 881 1615; x_wconf 84' lang='lat' dir='ltr'>asida</span> <span class='ocrx_word' id='word_1_73' title='bbox 898 1540 1087 1637; x_wconf 80' lang='lat' dir='ltr'>suscipiatis</span> <span class='ocrx_word' id='word_1_74' title='bbox 1101 1563 1189 1627; x_wconf 88' lang='lat' dir='ltr'>,nec</span> <span class='ocrx_word' id='word_1_75' title='bbox 1201 1541 1386 1639; x_wconf 72' lang='lat' dir='ltr'>blandietu-¹</span> 
     </span>
     <span class='ocr_line' id='line_1_11' title="bbox 326 1640 1385 1742; baseline 0.001 -21"><span class='ocrx_word' id='word_1_76' title='bbox 326 1658 364 1722; x_wconf 90' lang='lat' dir='ltr'>te</span> <span class='ocrx_word' id='word_1_77' title='bbox 380 1642 509 1722; x_wconf 83' lang='lat' dir='ltr'>defidia</span> <span class='ocrx_word' id='word_1_78' title='bbox 541 1644 747 1738; x_wconf 83' lang='lat' dir='ltr'>respuatis,</span> <span class='ocrx_word' id='word_1_79' title='bbox 774 1640 831 1742; x_wconf 82' lang='lat' dir='ltr'>sed</span> <span class='ocrx_word' id='word_1_80' title='bbox 870 1643 947 1715; x_wconf 87' lang='lat' dir='ltr'>miti</span> <span class='ocrx_word' id='word_1_81' title='bbox 980 1640 1092 1717; x_wconf 89' lang='lat' dir='ltr'>corde</span> <span class='ocrx_word' id='word_1_82' title='bbox 1126 1643 1385 1738; x_wconf 78' lang='lat' dir='ltr'>obtemperetis</span> 
     </span>
     <span class='ocr_line' id='line_1_12' title="bbox 325 1737 1436 1842; baseline -0.005 -17"><span class='ocrx_word' id='word_1_83' title='bbox 325 1742 412 1825; x_wconf 84' lang='lat' dir='ltr'>Deo</span> <span class='ocrx_word' id='word_1_84' title='bbox 427 1766 534 1826; x_wconf 76' lang='lat' dir='ltr'>scum</span> <span class='ocrx_word' id='word_1_85' title='bbox 548 1737 815 1818; x_wconf 81' lang='lat' dir='ltr'>mansuetudine</span> <span class='ocrx_word' id='word_1_86' title='bbox 837 1755 1019 1835; x_wconf 85' lang='lat' dir='ltr'>portantes</span> <span class='ocrx_word' id='word_1_87' title='bbox 1034 1764 1116 1819; x_wconf 91' lang='lat' dir='ltr'>eum</span> <span class='ocrx_word' id='word_1_88' title='bbox 1132 1744 1217 1842; x_wconf 67' lang='lat' dir='ltr'>‚qui</span> <span class='ocrx_word' id='word_1_89' title='bbox 1236 1766 1301 1817; x_wconf 83' lang='lat' dir='ltr'>vos</span> <span class='ocrx_word' id='word_1_90' title='bbox 1327 1760 1390 1819; x_wconf 66' lang='lat' dir='ltr'>ren</span> <span class='ocrx_word' id='word_1_91' title='bbox 1429 1750 1436 1783; x_wconf 64' lang='lat' dir='ltr'>i</span> 
     </span>
     <span class='ocr_line' id='line_1_13' title="bbox 322 1840 1384 1945; baseline 0 -25"><span class='ocrx_word' id='word_1_92' title='bbox 322 1848 379 1945; x_wconf 76' lang='lat' dir='ltr'>gir</span> <span class='ocrx_word' id='word_1_93' title='bbox 392 1896 403 1931; x_wconf 84' lang='lat'><strong>.</strong></span> <span class='ocrx_word' id='word_1_94' title='bbox 418 1849 480 1943; x_wconf 89' lang='lat' dir='ltr'>qui</span> <span class='ocrx_word' id='word_1_95' title='bbox 495 1842 617 1939; x_wconf 80' lang='lat' dir='ltr'>dirigit</span> <span class='ocrx_word' id='word_1_96' title='bbox 630 1843 732 1917; x_wconf 87' lang='lat' dir='ltr'>mites</span> <span class='ocrx_word' id='word_1_97' title='bbox 752 1843 788 1914; x_wconf 92' lang='lat' dir='ltr'>in</span> <span class='ocrx_word' id='word_1_98' title='bbox 802 1840 961 1930; x_wconf 79' lang='lat' dir='ltr'>judicio,</span> <span class='ocrx_word' id='word_1_99' title='bbox 977 1846 1040 1939; x_wconf 85' lang='lat' dir='ltr'>qui</span> <span class='ocrx_word' id='word_1_100' title='bbox 1052 1843 1162 1917; x_wconf 89' lang='lat' dir='ltr'>docet</span> <span class='ocrx_word' id='word_1_101' title='bbox 1180 1841 1384 1920; x_wconf 82' lang='lat' dir='ltr'>mansuetos</span> 
     </span>
     <span class='ocr_line' id='line_1_14' title="bbox 323 1938 1384 2021; baseline 0 0"><span class='ocrx_word' id='word_1_102' title='bbox 323 1949 398 2021; x_wconf 80' lang='lat' dir='ltr'>vias</span> <span class='ocrx_word' id='word_1_103' title='bbox 414 1944 499 2021; x_wconf 88' lang='lat' dir='ltr'>suas·</span> <span class='ocrx_word' id='word_1_104' title='bbox 525 1941 606 2019; x_wconf 91' lang='lat' dir='ltr'>Nec</span> <span class='ocrx_word' id='word_1_105' title='bbox 621 1941 775 2016; x_wconf 80' lang='lat' dir='ltr'>vestrum</span> <span class='ocrx_word' id='word_1_106' title='bbox 797 1942 912 2015; x_wconf 88' lang='lat' dir='ltr'>otium</span> <span class='ocrx_word' id='word_1_107' title='bbox 934 1938 1190 2018; x_wconf 82' lang='lat' dir='ltr'>necessitatibus</span> <span class='ocrx_word' id='word_1_108' title='bbox 1221 1938 1384 2021; x_wconf 67' lang='lat' dir='ltr'>Ecciefioe</span> 
     </span>
     <span class='ocr_line' id='line_1_15' title="bbox 323 2038 1429 2146; baseline 0.001 -26"><span class='ocrx_word' id='word_1_109' title='bbox 323 2047 542 2146; x_wconf 87' lang='lat' dir='ltr'>praeponatis</span> <span class='ocrx_word' id='word_1_110' title='bbox 566 2058 578 2134; x_wconf 78' lang='lat'>3</span> <span class='ocrx_word' id='word_1_111' title='bbox 606 2045 666 2118; x_wconf 90' lang='lat' dir='ltr'>cui</span> <span class='ocrx_word' id='word_1_112' title='bbox 689 2042 894 2138; x_wconf 71' lang='lat' dir='ltr'>parturienti</span> <span class='ocrx_word' id='word_1_113' title='bbox 916 2038 939 2115; x_wconf 89' lang='lat' dir='ltr'>si</span> <span class='ocrx_word' id='word_1_114' title='bbox 962 2040 1050 2116; x_wconf 88' lang='lat' dir='ltr'>nulii</span> <span class='ocrx_word' id='word_1_115' title='bbox 1075 2043 1161 2118; x_wconf 88' lang='lat' dir='ltr'>boni</span> <span class='ocrx_word' id='word_1_116' title='bbox 1188 2040 1383 2121; x_wconf 81' lang='lat' dir='ltr'>ministrare</span> <span class='ocrx_word' id='word_1_117' title='bbox 1420 2088 1429 2109; x_wconf 82' lang='lat'><strong>·</strong></span> 
     </span>
     <span class='ocr_line' id='line_1_16' title="bbox 324 2137 1383 2242; baseline -0.001 -20"><span class='ocrx_word' id='word_1_118' title='bbox 324 2146 481 2228; x_wconf 82' lang='lat' dir='ltr'>veilent,</span> <span class='ocrx_word' id='word_1_119' title='bbox 499 2139 691 2242; x_wconf 89' lang='lat' dir='ltr'>quomodo</span> <span class='ocrx_word' id='word_1_120' title='bbox 702 2137 949 2223; x_wconf 87' lang='lat' dir='ltr'>nasceremini,</span> <span class='ocrx_word' id='word_1_121' title='bbox 961 2163 1037 2215; x_wconf 92' lang='lat' dir='ltr'>non</span> <span class='ocrx_word' id='word_1_122' title='bbox 1051 2141 1264 2219; x_wconf 80' lang='lat' dir='ltr'>inveniretis.</span> <span class='ocrx_word' id='word_1_123' title='bbox 1279 2141 1383 2221; x_wconf 85' lang='lat' dir='ltr'>Sicut</span> 
     </span>
     <span class='ocr_line' id='line_1_17' title="bbox 322 2239 1382 2338; baseline 0 -17"><span class='ocrx_word' id='word_1_124' title='bbox 322 2260 448 2322; x_wconf 85' lang='lat' dir='ltr'>autem</span> <span class='ocrx_word' id='word_1_125' title='bbox 467 2245 710 2337; x_wconf 84' lang='lat' dir='ltr'>interigoem,</span> <span class='ocrx_word' id='word_1_126' title='bbox 727 2240 761 2313; x_wconf 79' lang='lat' dir='ltr'>u</span> <span class='ocrx_word' id='word_1_127' title='bbox 780 2261 911 2338; x_wconf 89' lang='lat' dir='ltr'>aquam</span> <span class='ocrx_word' id='word_1_128' title='bbox 932 2239 1083 2316; x_wconf 89' lang='lat' dir='ltr'>tenenda</span> <span class='ocrx_word' id='word_1_129' title='bbox 1104 2241 1153 2317; x_wconf 82' lang='lat' dir='ltr'>esi</span> <span class='ocrx_word' id='word_1_130' title='bbox 1167 2245 1242 2327; x_wconf 82' lang='lat' dir='ltr'>tia,</span> <span class='ocrx_word' id='word_1_131' title='bbox 1259 2259 1299 2320; x_wconf 93' lang='lat' dir='ltr'>ut</span> <span class='ocrx_word' id='word_1_132' title='bbox 1313 2260 1382 2321; x_wconf 83' lang='lat' dir='ltr'>neo</span> 
     </span>
     <span class='ocr_line' id='line_1_18' title="bbox 322 2337 1414 2440; baseline -0.001 -19"><span class='ocrx_word' id='word_1_133' title='bbox 322 2362 495 2421; x_wconf 79' lang='lat' dir='ltr'>exuratur</span> <span class='ocrx_word' id='word_1_134' title='bbox 509 2343 644 2426; x_wconf 86' lang='lat' dir='ltr'>homo,</span> <span class='ocrx_word' id='word_1_135' title='bbox 660 2360 728 2416; x_wconf 90' lang='lat' dir='ltr'>nec</span> <span class='ocrx_word' id='word_1_136' title='bbox 745 2337 971 2434; x_wconf 81' lang='lat' dir='ltr'>demergatur</span> <span class='ocrx_word' id='word_1_137' title='bbox 985 2364 996 2434; x_wconf 91' lang='lat'>;</span> <span class='ocrx_word' id='word_1_138' title='bbox 1008 2337 1055 2417; x_wconf 83' lang='lat' dir='ltr'>fic</span> <span class='ocrx_word' id='word_1_139' title='bbox 1068 2343 1160 2417; x_wconf 88' lang='lat' dir='ltr'>inter</span> <span class='ocrx_word' id='word_1_140' title='bbox 1174 2345 1313 2440; x_wconf 84' lang='lat' dir='ltr'>apicem</span> <span class='ocrx_word' id='word_1_141' title='bbox 1326 2340 1383 2421; x_wconf 90' lang='lat' dir='ltr'>su·</span> <span class='ocrx_word' id='word_1_142' title='bbox 1411 2401 1414 2405; x_wconf 85' lang='lat'><em>-</em></span> 
     </span>
     <span class='ocr_line' id='line_1_19' title="bbox 326 2437 1381 2541; baseline 0.001 -23"><span class='ocrx_word' id='word_1_143' title='bbox 326 2446 478 2541; x_wconf 78' lang='lat' dir='ltr'>peruia,</span> <span class='ocrx_word' id='word_1_144' title='bbox 494 2444 529 2515; x_wconf 79' lang='lat' dir='ltr'>de</span> <span class='ocrx_word' id='word_1_145' title='bbox 547 2442 756 2536; x_wconf 84' lang='lat' dir='ltr'>voraginem</span> <span class='ocrx_word' id='word_1_146' title='bbox 769 2437 905 2514; x_wconf 75' lang='lat' dir='ltr'>desidia</span> <span class='ocrx_word' id='word_1_147' title='bbox 920 2442 985 2537; x_wconf 88' lang='lat' dir='ltr'>iter</span> <span class='ocrx_word' id='word_1_148' title='bbox 1004 2439 1165 2517; x_wconf 88' lang='lat' dir='ltr'>nostrum</span> <span class='ocrx_word' id='word_1_149' title='bbox 1184 2460 1381 2540; x_wconf 84' lang='lat' dir='ltr'>temperare</span> 
     </span>
     <span class='ocr_line' id='line_1_20' title="bbox 322 2522 1547 2637; baseline -0.009 -18"><span class='ocrx_word' id='word_1_150' title='bbox 322 2545 518 2619; x_wconf 79' lang='lat' dir='ltr'>debemus,</span> <span class='ocrx_word' id='word_1_151' title='bbox 533 2538 619 2616; x_wconf 82' lang='lat' dir='ltr'>sicut</span> <span class='ocrx_word' id='word_1_152' title='bbox 635 2540 696 2614; x_wconf 82' lang='lat' dir='ltr'>ieri</span> <span class='ocrx_word' id='word_1_153' title='bbox 724 2552 801 2614; x_wconf 87' lang='lat' dir='ltr'>tum</span> <span class='ocrx_word' id='word_1_154' title='bbox 813 2537 862 2614; x_wconf 82' lang='lat' dir='ltr'>est</span> <span class='ocrx_word' id='word_1_155' title='bbox 879 2540 983 2613; x_wconf 87' lang='lat' dir='ltr'>:Non</span> <span class='ocrx_word' id='word_1_156' title='bbox 997 2542 1195 2610; x_wconf 75' lang='lat' dir='ltr'>declinantes</span> <span class='ocrx_word' id='word_1_157' title='bbox 1207 2591 1217 2624; x_wconf 90' lang='lat'><em>,</em></span> <span class='ocrx_word' id='word_1_158' title='bbox 1227 2564 1328 2637; x_wconf 82' lang='lat' dir='ltr'>neque</span> <span class='ocrx_word' id='word_1_159' title='bbox 1338 2545 1380 2611; x_wconf 83' lang='lat' dir='ltr'>ad</span> <span class='ocrx_word' id='word_1_160' title='bbox 1394 2522 1484 2609; x_wconf 69' lang='lat' dir='ltr'>uene</span> <span class='ocrx_word' id='word_1_161' title='bbox 1500 2543 1547 2620; x_wconf 61' lang='lat' dir='ltr'>im</span> 
     </span>
     <span class='ocr_line' id='line_1_21' title="bbox 322 2634 1390 2740; baseline -0.001 -29"><span class='ocrx_word' id='word_1_162' title='bbox 322 2646 495 2713; x_wconf 79' lang='lat' dir='ltr'>dexteram</span> <span class='ocrx_word' id='word_1_163' title='bbox 517 2642 666 2733; x_wconf 79' lang='lat' dir='ltr'>nequead</span> <span class='ocrx_word' id='word_1_164' title='bbox 693 2634 851 2714; x_wconf 67' lang='lat' dir='ltr'>saturam·</span> <span class='ocrx_word' id='word_1_165' title='bbox 864 2636 955 2715; x_wconf 81' lang='lat' dir='ltr'>Sunt</span> <span class='ocrx_word' id='word_1_166' title='bbox 966 2641 1062 2715; x_wconf 79' lang='lat' dir='ltr'>enim</span> <span class='ocrx_word' id='word_1_167' title='bbox 1076 2692 1086 2727; x_wconf 88' lang='lat'><strong>,</strong></span> <span class='ocrx_word' id='word_1_168' title='bbox 1101 2641 1162 2740; x_wconf 82' lang='lat' dir='ltr'>qui</span> <span class='ocrx_word' id='word_1_169' title='bbox 1178 2636 1266 2717; x_wconf 82' lang='lat' dir='ltr'>duni</span> <span class='ocrx_word' id='word_1_170' title='bbox 1277 2643 1390 2719; x_wconf 74' lang='lat' dir='ltr'>nimis</span> 
     </span>
     <span class='ocr_line' id='line_1_22' title="bbox 329 2735 1533 2836; baseline 0 -18"><span class='ocrx_word' id='word_1_171' title='bbox 329 2746 473 2827; x_wconf 82' lang='lat' dir='ltr'>timent,</span> <span class='ocrx_word' id='word_1_172' title='bbox 483 2762 529 2815; x_wconf 86' lang='lat' dir='ltr'>ns</span> <span class='ocrx_word' id='word_1_173' title='bbox 544 2735 637 2836; x_wconf 87' lang='lat' dir='ltr'>quasi</span> <span class='ocrx_word' id='word_1_174' title='bbox 650 2742 684 2812; x_wconf 90' lang='lat' dir='ltr'>in</span> <span class='ocrx_word' id='word_1_175' title='bbox 696 2737 880 2813; x_wconf 84' lang='lat' dir='ltr'>dexteram</span> <span class='ocrx_word' id='word_1_176' title='bbox 894 2741 986 2836; x_wconf 83' lang='lat' dir='ltr'>rapti</span> <span class='ocrx_word' id='word_1_177' title='bbox 999 2741 1238 2823; x_wconf 84' lang='lat' dir='ltr'>extollantur,</span> <span class='ocrx_word' id='word_1_178' title='bbox 1253 2743 1288 2817; x_wconf 92' lang='lat' dir='ltr'>in</span> <span class='ocrx_word' id='word_1_179' title='bbox 1303 2740 1384 2819; x_wconf 76' lang='lat' dir='ltr'>fini·</span> <span class='ocrx_word' id='word_1_180' title='bbox 1517 2778 1533 2793; x_wconf 86' lang='lat'>··</span> 
     </span>
     <span class='ocr_line' id='line_1_23' title="bbox 328 2835 1383 2935; baseline -0.001 -17"><span class='ocrx_word' id='word_1_181' title='bbox 328 2842 436 2918; x_wconf 83' lang='lat' dir='ltr'>stram</span> <span class='ocrx_word' id='word_1_182' title='bbox 449 2840 530 2935; x_wconf 84' lang='lat' dir='ltr'>iapsi</span> <span class='ocrx_word' id='word_1_183' title='bbox 546 2845 815 2932; x_wconf 73' lang='lat' dir='ltr'>demerguntur·</span> <span class='ocrx_word' id='word_1_184' title='bbox 829 2835 963 2916; x_wconf 80' lang='lat' dir='ltr'>Etsunt</span> <span class='ocrx_word' id='word_1_185' title='bbox 975 2838 1164 2935; x_wconf 86' lang='lat' dir='ltr'>rursus‚qui</span> <span class='ocrx_word' id='word_1_186' title='bbox 1178 2843 1265 2916; x_wconf 91' lang='lat' dir='ltr'>dum</span> <span class='ocrx_word' id='word_1_187' title='bbox 1278 2843 1383 2918; x_wconf 81' lang='lat' dir='ltr'>nimir</span> 
     </span>
     <span class='ocr_line' id='line_1_24' title="bbox 326 2936 1382 3035; baseline 0.004 -19"><span class='ocrx_word' id='word_1_188' title='bbox 326 2944 361 3016; x_wconf 85' lang='lat' dir='ltr'>se</span> <span class='ocrx_word' id='word_1_189' title='bbox 378 2941 581 3016; x_wconf 74' lang='lat' dir='ltr'>aui&#39;erunt&#39;a</span> <span class='ocrx_word' id='word_1_190' title='bbox 598 2938 747 3023; x_wconf 81' lang='lat' dir='ltr'>finistra,</span> <span class='ocrx_word' id='word_1_191' title='bbox 764 2960 809 3011; x_wconf 89' lang='lat' dir='ltr'>ne</span> <span class='ocrx_word' id='word_1_192' title='bbox 837 2936 979 3035; x_wconf 91' lang='lat' dir='ltr'>torpida</span> <span class='ocrx_word' id='word_1_193' title='bbox 1004 2941 1205 3016; x_wconf 89' lang='lat' dir='ltr'>vocationis</span> <span class='ocrx_word' id='word_1_194' title='bbox 1230 2939 1382 3020; x_wconf 80' lang='lat' dir='ltr'>mollitie</span> 
     </span>
     <span class='ocr_line' id='line_1_25' title="bbox 326 3038 1377 3133; baseline -0.001 -16"><span class='ocrx_word' id='word_1_195' title='bbox 326 3040 564 3121; x_wconf 87' lang='lat' dir='ltr'>sorbeantur,</span> <span class='ocrx_word' id='word_1_196' title='bbox 585 3061 631 3112; x_wconf 83' lang='lat' dir='ltr'>ex</span> <span class='ocrx_word' id='word_1_197' title='bbox 648 3039 753 3112; x_wconf 89' lang='lat' dir='ltr'>altera</span> <span class='ocrx_word' id='word_1_198' title='bbox 772 3054 869 3133; x_wconf 88' lang='lat' dir='ltr'>parte</span> <span class='ocrx_word' id='word_1_199' title='bbox 894 3038 1065 3132; x_wconf 71' lang='lat' dir='ltr'>jactantia</span> <span class='ocrx_word' id='word_1_200' title='bbox 1086 3039 1172 3115; x_wconf 86' lang='lat' dir='ltr'>sastu</span> <span class='ocrx_word' id='word_1_201' title='bbox 1191 3043 1377 3128; x_wconf 70' lang='lat' dir='ltr'>corrupti.</span> 
     </span>
     <span class='ocr_line' id='line_1_26' title="bbox 328 3134 1380 3235; baseline 0 -19"><span class='ocrx_word' id='word_1_202' title='bbox 328 3159 439 3235; x_wconf 85' lang='lat' dir='ltr'>atque</span> <span class='ocrx_word' id='word_1_203' title='bbox 461 3137 684 3232; x_wconf 88' lang='lat' dir='ltr'>consumpti,</span> <span class='ocrx_word' id='word_1_204' title='bbox 704 3141 738 3210; x_wconf 94' lang='lat' dir='ltr'>in</span> <span class='ocrx_word' id='word_1_205' title='bbox 757 3134 908 3211; x_wconf 83' lang='lat' dir='ltr'>favillam</span> <span class='ocrx_word' id='word_1_206' title='bbox 922 3139 1157 3235; x_wconf 84' lang='lat' dir='ltr'>,fumumque</span> <span class='ocrx_word' id='word_1_207' title='bbox 1177 3140 1380 3227; x_wconf 65' lang='lat' dir='ltr'>sanescunt.</span> 
     </span>
     <span class='ocr_line' id='line_1_27' title="bbox 332 3228 1380 3335; baseline 0 -18"><span class='ocrx_word' id='word_1_208' title='bbox 332 3241 394 3317; x_wconf 83' lang='lat' dir='ltr'>Sic</span> <span class='ocrx_word' id='word_1_209' title='bbox 411 3264 522 3335; x_wconf 80' lang='lat' dir='ltr'>erg0,</span> <span class='ocrx_word' id='word_1_210' title='bbox 554 3228 755 3312; x_wconf 78' lang='lat' dir='ltr'>diissiissrmi</span> <span class='ocrx_word' id='word_1_211' title='bbox 769 3292 779 3320; x_wconf 94' lang='lat'>‚</span> <span class='ocrx_word' id='word_1_212' title='bbox 792 3237 927 3334; x_wconf 76' lang='lat' dir='ltr'>diligite</span> <span class='ocrx_word' id='word_1_213' title='bbox 941 3240 1077 3323; x_wconf 89' lang='lat' dir='ltr'>otium,</span> <span class='ocrx_word' id='word_1_214' title='bbox 1092 3252 1131 3314; x_wconf 90' lang='lat' dir='ltr'>ut</span> <span class='ocrx_word' id='word_1_215' title='bbox 1144 3262 1208 3315; x_wconf 84' lang='lat' dir='ltr'>tos</span> <span class='ocrx_word' id='word_1_216' title='bbox 1218 3241 1261 3314; x_wconf 89' lang='lat' dir='ltr'>ab</span> <span class='ocrx_word' id='word_1_217' title='bbox 1275 3243 1380 3318; x_wconf 87' lang='lat' dir='ltr'>omni</span> 
     </span>
     <span class='ocr_line' id='line_1_28' title="bbox 326 3335 1489 3421; baseline 0.004 -5"><span class='ocrx_word' id='word_1_218' title='bbox 326 3355 468 3416; x_wconf 85' lang='lat' dir='ltr'>terrena</span> <span class='ocrx_word' id='word_1_219' title='bbox 491 3338 723 3413; x_wconf 69' lang='lat' dir='ltr'>desudatione</span> <span class='ocrx_word' id='word_1_220' title='bbox 753 3335 939 3411; x_wconf 85' lang='lat' dir='ltr'>resraeuetis</span> <span class='ocrx_word' id='word_1_221' title='bbox 959 3392 969 3421; x_wconf 87' lang='lat'><strong>,</strong></span> <span class='ocrx_word' id='word_1_222' title='bbox 989 3339 1025 3412; x_wconf 67' lang='grc' dir='ltr'>ἃ</span> <span class='ocrx_word' id='word_1_223' title='bbox 1049 3341 1276 3415; x_wconf 87' lang='lat' dir='ltr'>memineritis</span> <span class='ocrx_word' id='word_1_224' title='bbox 1299 3338 1381 3417; x_wconf 88' lang='lat' dir='ltr'>nul·</span> <span class='ocrx_word' id='word_1_225' title='bbox 1486 3416 1489 3421; x_wconf 90' lang='lat'>.</span> 
     </span>
     <span class='ocr_line' id='line_1_29' title="bbox 326 3433 1378 3536; baseline 0.003 -19"><span class='ocrx_word' id='word_1_226' title='bbox 326 3441 404 3517; x_wconf 92' lang='lat' dir='ltr'>ium</span> <span class='ocrx_word' id='word_1_227' title='bbox 437 3439 560 3515; x_wconf 89' lang='lat' dir='ltr'>iocum</span> <span class='ocrx_word' id='word_1_228' title='bbox 586 3433 652 3512; x_wconf 90' lang='lat' dir='ltr'>esse</span> <span class='ocrx_word' id='word_1_229' title='bbox 676 3478 687 3514; x_wconf 74' lang='lat'><em>2</em></span> <span class='ocrx_word' id='word_1_230' title='bbox 714 3436 775 3512; x_wconf 88' lang='lat' dir='ltr'>ubi</span> <span class='ocrx_word' id='word_1_231' title='bbox 806 3456 881 3511; x_wconf 92' lang='lat' dir='ltr'>non</span> <span class='ocrx_word' id='word_1_232' title='bbox 902 3433 1006 3534; x_wconf 90' lang='lat' dir='ltr'>poilit</span> <span class='ocrx_word' id='word_1_233' title='bbox 1031 3436 1177 3536; x_wconf 87' lang='lat' dir='ltr'>iaqueus</span> <span class='ocrx_word' id='word_1_234' title='bbox 1208 3436 1378 3520; x_wconf 76' lang='lat' dir='ltr'>tenderes</span> 
     </span>
     <span class='ocr_line' id='line_1_30' title="bbox 325 3534 1124 3638; baseline -0.009 -24"><span class='ocrx_word' id='word_1_235' title='bbox 325 3542 389 3638; x_wconf 90' lang='lat' dir='ltr'>qui</span> <span class='ocrx_word' id='word_1_236' title='bbox 416 3541 540 3619; x_wconf 83' lang='lat' dir='ltr'>timet,</span> <span class='ocrx_word' id='word_1_237' title='bbox 564 3560 609 3610; x_wconf 88' lang='lat' dir='ltr'>ne</span> <span class='ocrx_word' id='word_1_238' title='bbox 628 3536 828 3610; x_wconf 84' lang='lat' dir='ltr'>revolemus</span> <span class='ocrx_word' id='word_1_239' title='bbox 841 3540 884 3631; x_wconf 87' lang='lat' dir='ltr'>ad</span> <span class='ocrx_word' id='word_1_240' title='bbox 909 3534 1030 3613; x_wconf 88' lang='lat' dir='ltr'>Deum</span> <span class='ocrx_word' id='word_1_241' title='bbox 1054 3576 1124 3629; x_wconf 77' lang='lat'>„„.</span> 
     </span>
    </p>

    <p class='ocr_par' dir='ltr' id='par_1_6' title="bbox 323 3628 1486 4430">
     <span class='ocr_line' id='line_1_31' title="bbox 378 3628 1380 3730; baseline -0.004 -12"><span class='ocrx_word' id='word_1_242' title='bbox 378 3628 1380 3730; x_wconf 52' lang='lat' dir='ltr'>ummmwfflmmmMOEmm·</span> 
     </span>
     <span class='ocr_line' id='line_1_32' title="bbox 323 3726 1382 3832; baseline -0.001 -17"><span class='ocrx_word' id='word_1_243' title='bbox 323 3740 422 3816; x_wconf 71' lang='lat' dir='ltr'>&amp;uin</span> <span class='ocrx_word' id='word_1_244' title='bbox 438 3743 455 3830; x_wconf 93' lang='lat'>(</span> <span class='ocrx_word' id='word_1_245' title='bbox 469 3730 606 3829; x_wconf 78' lang='lat' dir='ltr'>inquit)</span> <span class='ocrx_word' id='word_1_246' title='bbox 621 3737 747 3831; x_wconf 85' lang='lat' dir='ltr'>quaerit</span> <span class='ocrx_word' id='word_1_247' title='bbox 761 3726 908 3809; x_wconf 84' lang='lat' dir='ltr'>charitas</span> <span class='ocrx_word' id='word_1_248' title='bbox 928 3738 1102 3828; x_wconf 71' lang='lat' dir='ltr'>ueritatis3</span> <span class='ocrx_word' id='word_1_249' title='bbox 1122 3740 1309 3828; x_wconf 78' lang='lat' dir='ltr'>negotium</span> <span class='ocrx_word' id='word_1_250' title='bbox 1323 3739 1382 3832; x_wconf 87' lang='lat' dir='ltr'>ju·</span> 
     </span>
     <span class='ocr_line' id='line_1_33' title="bbox 323 3831 1380 3932; baseline 0 -17"><span class='ocrx_word' id='word_1_251' title='bbox 323 3841 420 3916; x_wconf 82' lang='lat' dir='ltr'>stum</span> <span class='ocrx_word' id='word_1_252' title='bbox 452 3835 590 3932; x_wconf 89' lang='lat' dir='ltr'>suscipit</span> <span class='ocrx_word' id='word_1_253' title='bbox 618 3831 798 3909; x_wconf 78' lang='lat' dir='ltr'>necessitas</span> <span class='ocrx_word' id='word_1_254' title='bbox 814 3834 1001 3914; x_wconf 86' lang='lat' dir='ltr'>charitatis.</span> <span class='ocrx_word' id='word_1_255' title='bbox 1031 3835 1152 3930; x_wconf 89' lang='lat' dir='ltr'>Quam</span> <span class='ocrx_word' id='word_1_256' title='bbox 1164 3833 1330 3912; x_wconf 87' lang='lat' dir='ltr'>sarcinam</span> <span class='ocrx_word' id='word_1_257' title='bbox 1353 3835 1380 3915; x_wconf 90' lang='lat' dir='ltr'>u</span> 
     </span>
     <span class='ocr_line' id='line_1_34' title="bbox 329 3933 1382 4032; baseline -0.004 -18"><span class='ocrx_word' id='word_1_258' title='bbox 329 3937 450 4014; x_wconf 84' lang='lat' dir='ltr'>nulius</span> <span class='ocrx_word' id='word_1_259' title='bbox 470 3937 640 4032; x_wconf 85' lang='lat' dir='ltr'>imponit,</span> <span class='ocrx_word' id='word_1_260' title='bbox 658 3933 912 4028; x_wconf 78' lang='lat' dir='ltr'>percipiendo,</span> <span class='ocrx_word' id='word_1_261' title='bbox 927 3947 1036 4031; x_wconf 89' lang='lat' dir='ltr'>atque</span> <span class='ocrx_word' id='word_1_262' title='bbox 1057 3933 1236 4010; x_wconf 77' lang='lat' dir='ltr'>intuendae</span> <span class='ocrx_word' id='word_1_263' title='bbox 1254 3959 1382 4010; x_wconf 85' lang='lat' dir='ltr'>vacan-</span> 
     </span>
     <span class='ocr_line' id='line_1_35' title="bbox 335 4031 1486 4131; baseline -0.001 -20"><span class='ocrx_word' id='word_1_264' title='bbox 335 4039 425 4112; x_wconf 92' lang='lat' dir='ltr'>dum</span> <span class='ocrx_word' id='word_1_265' title='bbox 447 4036 495 4111; x_wconf 86' lang='lat' dir='ltr'>est</span> <span class='ocrx_word' id='word_1_266' title='bbox 512 4037 673 4120; x_wconf 79' lang='lat' dir='ltr'>veritati3</span> <span class='ocrx_word' id='word_1_267' title='bbox 693 4031 718 4107; x_wconf 80' lang='lat' dir='ltr'>ss</span> <span class='ocrx_word' id='word_1_268' title='bbox 737 4051 855 4109; x_wconf 91' lang='lat' dir='ltr'>autem</span> <span class='ocrx_word' id='word_1_269' title='bbox 870 4037 1086 4131; x_wconf 85' lang='lat' dir='ltr'>imponitur,</span> <span class='ocrx_word' id='word_1_270' title='bbox 1104 4031 1349 4131; x_wconf 90' lang='lat' dir='ltr'>suscipiendae</span> <span class='ocrx_word' id='word_1_271' title='bbox 1482 4038 1486 4047; x_wconf 85' lang='lat'>&#39;</span> 
     </span>
     <span class='ocr_line' id='line_1_36' title="bbox 330 4130 1379 4235; baseline -0.001 -24"><span class='ocrx_word' id='word_1_272' title='bbox 330 4150 482 4235; x_wconf 91' lang='lat' dir='ltr'>propter</span> <span class='ocrx_word' id='word_1_273' title='bbox 504 4134 679 4208; x_wconf 84' lang='lat' dir='ltr'>charitatis</span> <span class='ocrx_word' id='word_1_274' title='bbox 717 4131 952 4209; x_wconf 82' lang='lat' dir='ltr'>necessitatem</span> <span class='ocrx_word' id='word_1_275' title='bbox 980 4156 991 4226; x_wconf 85' lang='lat'>3</span> <span class='ocrx_word' id='word_1_276' title='bbox 1021 4133 1078 4208; x_wconf 92' lang='lat' dir='ltr'>sed</span> <span class='ocrx_word' id='word_1_277' title='bbox 1107 4153 1175 4208; x_wconf 91' lang='lat' dir='ltr'>nec</span> <span class='ocrx_word' id='word_1_278' title='bbox 1207 4130 1255 4206; x_wconf 82' lang='lat' dir='ltr'>fic</span> <span class='ocrx_word' id='word_1_279' title='bbox 1275 4136 1379 4211; x_wconf 89' lang='lat' dir='ltr'>omni</span> 
     </span>
     <span class='ocr_line' id='line_1_37' title="bbox 327 4230 1379 4312; baseline -0.008 -1"><span class='ocrx_word' id='word_1_280' title='bbox 327 4239 444 4311; x_wconf 88' lang='lat' dir='ltr'>modo</span> <span class='ocrx_word' id='word_1_281' title='bbox 479 4236 633 4308; x_wconf 86' lang='lat' dir='ltr'>veritatis</span> <span class='ocrx_word' id='word_1_282' title='bbox 657 4231 842 4308; x_wconf 74' lang='lat' dir='ltr'>detestatio</span> <span class='ocrx_word' id='word_1_283' title='bbox 865 4231 1051 4308; x_wconf 87' lang='lat' dir='ltr'>deserenda</span> <span class='ocrx_word' id='word_1_284' title='bbox 1084 4231 1155 4312; x_wconf 75' lang='lat' dir='ltr'>est,</span> <span class='ocrx_word' id='word_1_285' title='bbox 1176 4252 1221 4306; x_wconf 83' lang='lat' dir='ltr'>ne</span> <span class='ocrx_word' id='word_1_286' title='bbox 1247 4230 1379 4311; x_wconf 89' lang='lat' dir='ltr'>subtra.</span> 
     </span>
     <span class='ocr_line' id='line_1_38' title="bbox 324 4328 1321 4430; baseline -0.007 -16"><span class='ocrx_word' id='word_1_287' title='bbox 324 4336 430 4415; x_wconf 87' lang='lat' dir='ltr'>hatur</span> <span class='ocrx_word' id='word_1_288' title='bbox 452 4334 508 4409; x_wconf 93' lang='lat' dir='ltr'>ilia</span> <span class='ocrx_word' id='word_1_289' title='bbox 527 4332 695 4416; x_wconf 88' lang='lat' dir='ltr'>suavitas,</span> <span class='ocrx_word' id='word_1_290' title='bbox 713 4332 750 4407; x_wconf 76' lang='grc' dir='ltr'>ἀ</span> <span class='ocrx_word' id='word_1_291' title='bbox 773 4336 953 4430; x_wconf 88' lang='lat' dir='ltr'>opprimat</span> <span class='ocrx_word' id='word_1_292' title='bbox 973 4331 1033 4408; x_wconf 85' lang='lat' dir='ltr'>ista</span> <span class='ocrx_word' id='word_1_293' title='bbox 1053 4328 1232 4408; x_wconf 82' lang='lat' dir='ltr'>necessitas</span> <span class='ocrx_word' id='word_1_294' title='bbox 1257 4384 1321 4425; x_wconf 84' lang='lat'><strong>‚„‚.</strong></span> 
     </span>
    </p>

    <p class='ocr_par' dir='ltr' id='par_1_7' title="bbox 327 4428 1378 4635">
     <span class='ocr_line' id='line_1_39' title="bbox 379 4428 1378 4530; baseline 0.007 -28"><span class='ocrx_word' id='word_1_295' title='bbox 379 4445 407 4502; x_wconf 83' lang='lat' dir='ltr'>S.</span> <span class='ocrx_word' id='word_1_296' title='bbox 427 4437 527 4526; x_wconf 65' lang='lat' dir='ltr'>Gregs</span> <span class='ocrx_word' id='word_1_297' title='bbox 546 4448 576 4503; x_wconf 87' lang='lat'>1.</span> <span class='ocrx_word' id='word_1_298' title='bbox 595 4430 631 4507; x_wconf 86' lang='lat' dir='ltr'>P.</span> <span class='ocrx_word' id='word_1_299' title='bbox 648 4428 821 4510; x_wconf 67' lang='lat' dir='ltr'>Pasorairs</span> <span class='ocrx_word' id='word_1_300' title='bbox 837 4480 847 4511; x_wconf 88' lang='lat'>,</span> <span class='ocrx_word' id='word_1_301' title='bbox 861 4455 938 4530; x_wconf 81' lang='lat' dir='ltr'>cap·</span> <span class='ocrx_word' id='word_1_302' title='bbox 971 4453 1003 4520; x_wconf 71' lang='grc' dir='ltr'>ς·</span> <span class='ocrx_word' id='word_1_303' title='bbox 1021 4488 1042 4522; x_wconf 80' lang='lat'><strong>„</strong></span> <span class='ocrx_word' id='word_1_304' title='bbox 1056 4487 1077 4523; x_wconf 54' lang='grc' dir='ltr'><strong>υ</strong></span> <span class='ocrx_word' id='word_1_305' title='bbox 1100 4431 1193 4507; x_wconf 83' lang='lat' dir='ltr'>Sunt</span> <span class='ocrx_word' id='word_1_306' title='bbox 1212 4431 1378 4509; x_wconf 80' lang='lat' dir='ltr'>nonnulii</span> 
     </span>
     <span class='ocr_line' id='line_1_40' title="bbox 327 4529 1376 4635; baseline 0.002 -30"><span class='ocrx_word' id='word_1_307' title='bbox 327 4529 495 4633; x_wconf 79' lang='lat' dir='ltr'>(inquit)</span> <span class='ocrx_word' id='word_1_308' title='bbox 511 4536 575 4635; x_wconf 91' lang='lat' dir='ltr'>qui</span> <span class='ocrx_word' id='word_1_309' title='bbox 605 4535 735 4611; x_wconf 78' lang='lat' dir='ltr'>eximia</span> <span class='ocrx_word' id='word_1_310' title='bbox 767 4535 940 4612; x_wconf 79' lang='lat' dir='ltr'>uirtutum</span> <span class='ocrx_word' id='word_1_311' title='bbox 962 4533 1058 4611; x_wconf 88' lang='lat' dir='ltr'>dona</span> <span class='ocrx_word' id='word_1_312' title='bbox 1084 4533 1310 4629; x_wconf 81' lang='lat' dir='ltr'>percipiunt.</span> <span class='ocrx_word' id='word_1_313' title='bbox 1338 4534 1376 4607; x_wconf 76' lang='lat' dir='ltr'>dr</span> 
     </span>
    </p>

    <p class='ocr_par' dir='ltr' id='par_1_8' title="bbox 1257 4644 1328 4727">
     <span class='ocr_line' id='line_1_41' title="bbox 1257 4644 1328 4727; baseline 0.014 -22"><span class='ocrx_word' id='word_1_314' title='bbox 1257 4644 1328 4727; x_wconf 85' lang='lat' dir='ltr'>pro</span> 
     </span>
    </p>
   </div>
   <div class='ocr_carea' id='block_1_3' title="bbox 0 0 1904 5417">
    <p class='ocr_par' dir='ltr' id='par_1_9' title="bbox 0 0 1904 5417">
     <span class='ocr_line' id='line_1_42' title="bbox 0 0 1904 5417; baseline 0 6"><span class='ocrx_word' id='word_1_315' title='bbox 0 0 1904 5417; x_wconf 95' lang='lat' dir='ltr'> </span> 
     </span>
    </p>
   </div>
  </div>
 </body>
</html>
