<?xml version="1.0" encoding="UTF-8"?>
<!DOCTYPE html PUBLIC "-//W3C//DTD XHTML 1.0 Transitional//EN"
    "http://www.w3.org/TR/xhtml1/DTD/xhtml1-transitional.dtd">
<html xmlns="http://www.w3.org/1999/xhtml" xml:lang="en" lang="en">
 <head>
  <title>
</title>
<meta http-equiv="Content-Type" content="text/html;charset=utf-8" />
  <meta name='ocr-system' content='tesseract 3.04.00' />
  <meta name='ocr-capabilities' content='ocr_page ocr_carea ocr_par ocr_line ocrx_word'/>
</head>
<body>
  <div class='ocr_page' id='page_1' title='image "./theologiadogmat00alexgoog_0038.png"; bbox 0 0 3800 5417; ppageno 0'>
   <div class='ocr_carea' id='block_1_1' title="bbox 558 549 1629 699">
    <p class='ocr_par' dir='ltr' id='par_1_1' title="bbox 558 549 1629 699">
     <span class='ocr_line' id='line_1_1' title="bbox 558 549 1629 699; baseline -0.03 -24"><span class='ocrx_word' id='word_1_1' title='bbox 558 549 620 674; x_wconf 75' lang='lat' dir='ltr'><strong>u</strong></span> <span class='ocrx_word' id='word_1_2' title='bbox 721 555 880 658; x_wconf 77' lang='lat' dir='ltr'><strong>ruent.</strong></span> <span class='ocrx_word' id='word_1_3' title='bbox 899 558 1019 699; x_wconf 48' lang='lat' dir='ltr'><strong>noga</strong></span> <span class='ocrx_word' id='word_1_4' title='bbox 1042 563 1085 655; x_wconf 83' lang='lat' dir='ltr'><strong>u</strong></span> <span class='ocrx_word' id='word_1_5' title='bbox 1111 558 1264 659; x_wconf 76' lang='lat' dir='ltr'><strong>morat.</strong></span> <span class='ocrx_word' id='word_1_6' title='bbox 1284 559 1380 660; x_wconf 77' lang='lat' dir='ltr'><strong>tn.</strong></span> <span class='ocrx_word' id='word_1_7' title='bbox 1397 561 1520 661; x_wconf 65' lang='lat'>1112-</span> <span class='ocrx_word' id='word_1_8' title='bbox 1625 610 1629 626; x_wconf 83' lang='lat'>.</span> 
     </span>
    </p>
   </div>
   <div class='ocr_carea' id='block_1_2' title="bbox 554 720 1628 1135">
    <p class='ocr_par' dir='ltr' id='par_1_2' title="bbox 554 720 1628 1135">
     <span class='ocr_line' id='line_1_2' title="bbox 554 720 1627 835; baseline 0.003 -18"><span class='ocrx_word' id='word_1_9' title='bbox 554 736 614 817; x_wconf 82' lang='lat' dir='ltr'><strong>vet</strong></span> <span class='ocrx_word' id='word_1_10' title='bbox 641 733 822 818; x_wconf 75' lang='lat' dir='ltr'><strong>desertus.</strong></span> <span class='ocrx_word' id='word_1_11' title='bbox 845 748 931 828; x_wconf 89' lang='lat' dir='ltr'><strong>cum</strong></span> <span class='ocrx_word' id='word_1_12' title='bbox 950 720 1154 815; x_wconf 55' lang='lat' dir='ltr'><strong>‘manifestis</strong></span> <span class='ocrx_word' id='word_1_13' title='bbox 1175 734 1328 814; x_wconf 85' lang='lat' dir='ltr'><strong>aliorum</strong></span> <span class='ocrx_word' id='word_1_14' title='bbox 1364 737 1550 835; x_wconf 77' lang='lat' dir='ltr'><strong>peccarit,</strong></span> <span class='ocrx_word' id='word_1_15' title='bbox 1582 756 1627 820; x_wconf 82' lang='lat' dir='ltr'><strong>tc</strong></span> 
     </span>
     <span class='ocr_line' id='line_1_3' title="bbox 556 835 1625 938; baseline 0.005 -32"><span class='ocrx_word' id='word_1_16' title='bbox 556 837 752 917; x_wconf 74' lang='lat' dir='ltr'><strong>defefflbus</strong></span> <span class='ocrx_word' id='word_1_17' title='bbox 767 848 1004 938; x_wconf 72' lang='lat' dir='ltr'><strong>comparans,</strong></span> <span class='ocrx_word' id='word_1_18' title='bbox 1019 835 1171 931; x_wconf 76' lang='lat' dir='ltr'><strong>semngt&#39;t</strong></span> <span class='ocrx_word' id='word_1_19' title='bbox 1179 856 1383 929; x_wconf 82' lang='lat' dir='ltr'><strong>peccatorem</strong></span> <span class='ocrx_word' id='word_1_20' title='bbox 1398 836 1545 933; x_wconf 71' lang='lat' dir='ltr'><strong>quolibet</strong></span> <span class='ocrx_word' id='word_1_21' title='bbox 1557 843 1625 912; x_wconf 78' lang='lat' dir='ltr'><strong>alio</strong></span> 
     </span>
     <span class='ocr_line' id='line_1_4' title="bbox 558 935 1628 1035; baseline -0.001 -24"><span class='ocrx_word' id='word_1_22' title='bbox 558 939 762 1028; x_wconf 77' lang='lat' dir='ltr'><strong>eiristimet3</strong></span> <span class='ocrx_word' id='word_1_23' title='bbox 780 962 865 1016; x_wconf 88' lang='lat' dir='ltr'><strong>cum</strong></span> <span class='ocrx_word' id='word_1_24' title='bbox 895 945 964 1035; x_wconf 71' lang='lat' dir='ltr'><strong>Ap,</strong></span> <span class='ocrx_word' id='word_1_25' title='bbox 992 935 1121 1034; x_wconf 80' lang='lat' dir='ltr'><em>Absque</em></span> <span class='ocrx_word' id='word_1_26' title='bbox 1136 938 1327 1031; x_wconf 68' lang='lat' dir='ltr'><strong>prejudicio</strong></span> <span class='ocrx_word' id='word_1_27' title='bbox 1346 937 1551 1011; x_wconf 81' lang='lat' dir='ltr'><strong>humilirarr‘t</strong></span> <span class='ocrx_word' id='word_1_28' title='bbox 1573 941 1628 1019; x_wconf 87' lang='lat' dir='ltr'><strong>di·</strong></span> 
     </span>
     <span class='ocr_line' id='line_1_5' title="bbox 558 1035 1627 1135; baseline -0.005 -19"><span class='ocrx_word' id='word_1_29' title='bbox 558 1055 649 1118; x_wconf 74' lang='lat' dir='ltr'><strong>eut.</strong></span> <span class='ocrx_word' id='word_1_30' title='bbox 674 1040 719 1118; x_wconf 80' lang='lat' dir='ltr'><strong>ad</strong></span> <span class='ocrx_word' id='word_1_31' title='bbox 744 1035 822 1117; x_wconf 81' lang='lat' dir='ltr'><strong>Gal·</strong></span> <span class='ocrx_word' id='word_1_32' title='bbox 836 1053 872 1112; x_wconf 66' lang='grc' dir='ltr'><strong>Ω.</strong></span> <span class='ocrx_word' id='word_1_33' title='bbox 906 1043 986 1111; x_wconf 87' lang='lat' dir='ltr'><strong>Nos</strong></span> <span class='ocrx_word' id='word_1_34' title='bbox 1019 1059 1140 1110; x_wconf 82' lang='lat' dir='ltr'><strong>natura</strong></span> <span class='ocrx_word' id='word_1_35' title='bbox 1159 1037 1278 1128; x_wconf 64' lang='lat' dir='ltr'><strong>,putat</strong></span> <span class='ocrx_word' id='word_1_36' title='bbox 1290 1082 1300 1117; x_wconf 85' lang='lat'>‚</span> <span class='ocrx_word' id='word_1_37' title='bbox 1321 1041 1363 1111; x_wconf 67' lang='lat' dir='ltr'><strong>dl*</strong></span> <span class='ocrx_word' id='word_1_38' title='bbox 1395 1063 1459 1109; x_wconf 84' lang='lat' dir='ltr'><strong>nort</strong></span> <span class='ocrx_word' id='word_1_39' title='bbox 1486 1063 1528 1111; x_wconf 84' lang='lat' dir='ltr'><strong>ex</strong></span> <span class='ocrx_word' id='word_1_40' title='bbox 1541 1064 1627 1135; x_wconf 77' lang='lat' dir='ltr'><strong>gen·</strong></span> 
     </span>
    </p>
   </div>
   <div class='ocr_carea' id='block_1_3' title="bbox 439 1136 1626 1233">
    <p class='ocr_par' dir='ltr' id='par_1_3' title="bbox 439 1136 1626 1233">
     <span class='ocr_line' id='line_1_6' title="bbox 439 1136 1626 1233; baseline 0.008 -22"><span class='ocrx_word' id='word_1_41' title='bbox 439 1186 443 1194; x_wconf 80' lang='lat'><strong>·</strong></span> <span class='ocrx_word' id='word_1_42' title='bbox 557 1136 650 1212; x_wconf 81' lang='lat' dir='ltr'><strong>ribus</strong></span> <span class='ocrx_word' id='word_1_43' title='bbox 668 1159 868 1233; x_wconf 77' lang='lat' dir='ltr'><strong>peccatores.</strong></span> <span class='ocrx_word' id='word_1_44' title='bbox 893 1138 1012 1217; x_wconf 80' lang='lat' dir='ltr'><strong>Potest</strong></span> <span class='ocrx_word' id='word_1_45' title='bbox 1026 1155 1170 1224; x_wconf 87' lang='lat' dir='ltr'><strong>tumen.</strong></span> <span class='ocrx_word' id='word_1_46' title='bbox 1194 1141 1270 1216; x_wconf 90' lang='lat' dir='ltr'><strong>imo</strong></span> <span class='ocrx_word' id='word_1_47' title='bbox 1303 1137 1411 1216; x_wconf 86' lang='lat' dir='ltr'><strong>debet</strong></span> <span class='ocrx_word' id='word_1_48' title='bbox 1424 1141 1626 1220; x_wconf 79' lang='lat' dir='ltr'><strong>existimare</strong></span> 
     </span>
    </p>
   </div>
   <div class='ocr_carea' id='block_1_4' title="bbox 452 1237 1653 3142">
    <p class='ocr_par' dir='ltr' id='par_1_4' title="bbox 452 1237 1653 3142">
     <span class='ocr_line' id='line_1_7' title="bbox 559 1237 1653 1341; baseline 0.002 -24"><span class='ocrx_word' id='word_1_49' title='bbox 559 1239 717 1340; x_wconf 80' lang='lat' dir='ltr'><strong>quisquis</strong></span> <span class='ocrx_word' id='word_1_50' title='bbox 737 1263 820 1317; x_wconf 84' lang='lat' dir='ltr'><strong>rere</strong></span> <span class='ocrx_word' id='word_1_51' title='bbox 834 1237 977 1317; x_wconf 81' lang='lat' dir='ltr'><strong>humilis</strong></span> <span class='ocrx_word' id='word_1_52' title='bbox 997 1240 1066 1316; x_wconf 83' lang='lat' dir='ltr'><strong>est:</strong></span> <span class='ocrx_word' id='word_1_53' title='bbox 1086 1284 1112 1327; x_wconf 72' lang='lat'><strong>,‚</strong></span> <span class='ocrx_word' id='word_1_54' title='bbox 1140 1238 1282 1339; x_wconf 85' lang='lat' dir='ltr'><strong>Aliquid</strong></span> <span class='ocrx_word' id='word_1_55' title='bbox 1299 1237 1465 1328; x_wconf 73' lang='lat' dir='ltr'><strong>bonielle·</strong></span> <span class='ocrx_word' id='word_1_56' title='bbox 1487 1245 1522 1331; x_wconf 85' lang='lat' dir='ltr'><strong>ln</strong></span> <span class='ocrx_word' id='word_1_57' title='bbox 1534 1257 1625 1341; x_wconf 80' lang='lat' dir='ltr'><strong>p&#39;ro·</strong></span> <span class='ocrx_word' id='word_1_58' title='bbox 1650 1335 1653 1341; x_wconf 20' lang='lat'><strong><em>¹</em></strong></span> 
     </span>
     <span class='ocr_line' id='line_1_8' title="bbox 560 1339 1623 1441; baseline 0 -22"><span class='ocrx_word' id='word_1_59' title='bbox 560 1382 587 1429; x_wconf 65' lang='grc'>4</span> <span class='ocrx_word' id='word_1_60' title='bbox 601 1345 725 1425; x_wconf 82' lang='lat' dir='ltr'><strong>ximo,</strong></span> <span class='ocrx_word' id='word_1_61' title='bbox 747 1342 851 1440; x_wconf 89' lang='lat' dir='ltr'><strong>quod</strong></span> <span class='ocrx_word' id='word_1_62' title='bbox 880 1341 952 1436; x_wconf 89' lang='lat' dir='ltr'><strong>ipse</strong></span> <span class='ocrx_word' id='word_1_63' title='bbox 975 1363 1051 1416; x_wconf 90' lang='lat' dir='ltr'><strong>non</strong></span> <span class='ocrx_word' id='word_1_64' title='bbox 1075 1339 1207 1425; x_wconf 85' lang='lat' dir='ltr'><strong>habet,</strong></span> <span class='ocrx_word' id='word_1_65' title='bbox 1233 1340 1289 1416; x_wconf 85' lang='lat' dir='ltr'><strong>vel</strong></span> <span class='ocrx_word' id='word_1_66' title='bbox 1317 1340 1451 1441; x_wconf 85' lang='lat' dir='ltr'><strong>aliquid</strong></span> <span class='ocrx_word' id='word_1_67' title='bbox 1473 1347 1556 1417; x_wconf 86' lang='lat' dir='ltr'><strong>mali</strong></span> <span class='ocrx_word' id='word_1_68' title='bbox 1584 1346 1623 1419; x_wconf 86' lang='lat' dir='ltr'><strong>in</strong></span> 
     </span>
     <span class='ocr_line' id='line_1_9' title="bbox 554 1438 1624 1542; baseline 0.003 -24"><span class='ocrx_word' id='word_1_69' title='bbox 554 1490 586 1529; x_wconf 64' lang='lat'><strong>2.</strong></span> <span class='ocrx_word' id='word_1_70' title='bbox 602 1439 636 1518; x_wconf 84' lang='lat' dir='ltr'><strong>le</strong></span> <span class='ocrx_word' id='word_1_71' title='bbox 650 1438 741 1527; x_wconf 81' lang='lat' dir='ltr'><strong>elle.</strong></span> <span class='ocrx_word' id='word_1_72' title='bbox 761 1442 863 1542; x_wconf 91' lang='lat' dir='ltr'><strong>quod</strong></span> <span class='ocrx_word' id='word_1_73' title='bbox 888 1446 924 1516; x_wconf 93' lang='lat' dir='ltr'><strong>in</strong></span> <span class='ocrx_word' id='word_1_74' title='bbox 945 1441 1016 1516; x_wconf 89' lang='lat' dir='ltr'><strong>alio</strong></span> <span class='ocrx_word' id='word_1_75' title='bbox 1039 1464 1114 1516; x_wconf 91' lang='lat' dir='ltr'><strong>non</strong></span> <span class='ocrx_word' id='word_1_76' title='bbox 1137 1439 1210 1527; x_wconf 85' lang='lat' dir='ltr'><strong>eil,</strong></span> <span class='ocrx_word' id='word_1_77' title='bbox 1239 1452 1286 1516; x_wconf 80' lang='lat' dir='ltr'><strong>eir</strong></span> <span class='ocrx_word' id='word_1_78' title='bbox 1299 1464 1375 1537; x_wconf 92' lang='lat' dir='ltr'><strong>quo</strong></span> <span class='ocrx_word' id='word_1_79' title='bbox 1399 1440 1434 1516; x_wconf 87' lang='lat' dir='ltr'><strong>le</strong></span> <span class='ocrx_word' id='word_1_80' title='bbox 1453 1443 1570 1538; x_wconf 85' lang='lat' dir='ltr'><strong>potest</strong></span> <span class='ocrx_word' id='word_1_81' title='bbox 1589 1445 1624 1522; x_wconf 83' lang='lat' dir='ltr'><strong>ei</strong></span> 
     </span>
     <span class='ocr_line' id='line_1_10' title="bbox 557 1537 1619 1640; baseline -0.006 -25"><span class='ocrx_word' id='word_1_82' title='bbox 557 1574 585 1629; x_wconf 64' lang='grc'><strong>4,</strong></span> <span class='ocrx_word' id='word_1_83' title='bbox 600 1543 769 1636; x_wconf 85' lang='lat' dir='ltr'><strong>{objicere</strong></span> <span class='ocrx_word' id='word_1_84' title='bbox 790 1560 854 1640; x_wconf 86' lang='lat' dir='ltr'><strong>per</strong></span> <span class='ocrx_word' id='word_1_85' title='bbox 878 1540 1115 1618; x_wconf 80' lang='lat' dir='ltr'><strong>humilitatem</strong></span> <span class='ocrx_word' id='word_1_86' title='bbox 1139 1594 1176 1626; x_wconf 82' lang='grc'><strong>,,.</strong></span> <span class='ocrx_word' id='word_1_87' title='bbox 1206 1537 1323 1635; x_wconf 88' lang='lat' dir='ltr'><strong>Quod</strong></span> <span class='ocrx_word' id='word_1_88' title='bbox 1355 1564 1400 1618; x_wconf 88' lang='lat' dir='ltr'><strong>err</strong></span> <span class='ocrx_word' id='word_1_89' title='bbox 1423 1547 1458 1621; x_wconf 76' lang='lat' dir='ltr'><strong>S.</strong></span> <span class='ocrx_word' id='word_1_90' title='bbox 1480 1539 1619 1637; x_wconf 73' lang='lat' dir='ltr'><strong>August.</strong></span> 
     </span>
     <span class='ocr_line' id='line_1_11' title="bbox 558 1639 1624 1743; baseline -0.001 -23"><span class='ocrx_word' id='word_1_91' title='bbox 558 1641 808 1721; x_wconf 81' lang='lat' dir='ltr'><strong>confirmatur,</strong></span> <span class='ocrx_word' id='word_1_92' title='bbox 820 1642 878 1716; x_wconf 88' lang='lat' dir='ltr'><strong>lib.</strong></span> <span class='ocrx_word' id='word_1_93' title='bbox 894 1640 1146 1734; x_wconf 86' lang='lat' dir='ltr'><strong>Quaestionum</strong></span> <span class='ocrx_word' id='word_1_94' title='bbox 1158 1639 1341 1740; x_wconf 73' lang='lat' dir='ltr'><strong>otlogirrta</strong></span> <span class='ocrx_word' id='word_1_95' title='bbox 1351 1645 1472 1728; x_wconf 77' lang='lat' dir='ltr'><strong>trium,</strong></span> <span class='ocrx_word' id='word_1_96' title='bbox 1485 1659 1624 1743; x_wconf 69' lang='lat' dir='ltr'><strong>qu07rt</strong></span> 
     </span>
     <span class='ocr_line' id='line_1_12' title="bbox 557 1736 1625 1836; baseline -0.002 -14"><span class='ocrx_word' id='word_1_97' title='bbox 557 1774 623 1829; x_wconf 68' lang='lat' dir='ltr'><strong>nr,</strong></span> <span class='ocrx_word' id='word_1_98' title='bbox 652 1741 744 1820; x_wconf 90' lang='lat' dir='ltr'><strong>lllud</strong></span> <span class='ocrx_word' id='word_1_99' title='bbox 768 1736 939 1836; x_wconf 72' lang='lat' dir='ltr'><strong>(lnquit)</strong></span> <span class='ocrx_word' id='word_1_100' title='bbox 964 1741 1223 1836; x_wconf 74' lang='lat' dir='ltr'><strong>cogitandum</strong></span> <span class='ocrx_word' id='word_1_101' title='bbox 1249 1745 1388 1819; x_wconf 89' lang='lat' dir='ltr'><strong>nullum</strong></span> <span class='ocrx_word' id='word_1_102' title='bbox 1416 1741 1483 1819; x_wconf 84' lang='lat' dir='ltr'><strong>elle</strong></span> <span class='ocrx_word' id='word_1_103' title='bbox 1501 1745 1625 1821; x_wconf 91' lang='lat' dir='ltr'><strong>homi·</strong></span> 
     </span>
     <span class='ocr_line' id='line_1_13' title="bbox 558 1836 1619 1947; baseline 0.001 -27"><span class='ocrx_word' id='word_1_104' title='bbox 558 1853 665 1920; x_wconf 59' lang='lat' dir='ltr'><strong>irem,</strong></span> <span class='ocrx_word' id='word_1_105' title='bbox 686 1847 748 1939; x_wconf 89' lang='lat' dir='ltr'><strong>qui</strong></span> <span class='ocrx_word' id='word_1_106' title='bbox 774 1866 855 1947; x_wconf 65' lang='lat' dir='ltr'><strong>nom</strong></span> <span class='ocrx_word' id='word_1_107' title='bbox 876 1836 982 1937; x_wconf 88' lang='lat' dir='ltr'><strong>polilt</strong></span> <span class='ocrx_word' id='word_1_108' title='bbox 1001 1838 1130 1917; x_wconf 86' lang='lat' dir='ltr'><strong>habere</strong></span> <span class='ocrx_word' id='word_1_109' title='bbox 1158 1842 1305 1939; x_wconf 85' lang='lat' dir='ltr'><strong>aliquod</strong></span> <span class='ocrx_word' id='word_1_110' title='bbox 1335 1844 1474 1920; x_wconf 89' lang='lat' dir='ltr'><strong>bonum</strong></span> <span class='ocrx_word' id='word_1_111' title='bbox 1489 1899 1499 1930; x_wconf 87' lang='lat'><strong>,</strong></span> <span class='ocrx_word' id='word_1_112' title='bbox 1514 1841 1619 1945; x_wconf 90' lang='lat' dir='ltr'><strong>quod</strong></span> 
     </span>
     <span class='ocr_line' id='line_1_14' title="bbox 559 1939 1622 2039; baseline 0.001 -19"><span class='ocrx_word' id='word_1_113' title='bbox 559 1952 605 2020; x_wconf 86' lang='lat' dir='ltr'><strong>tu</strong></span> <span class='ocrx_word' id='word_1_114' title='bbox 626 1944 791 2020; x_wconf 90' lang='lat' dir='ltr'><strong>nondum</strong></span> <span class='ocrx_word' id='word_1_115' title='bbox 813 1941 939 2028; x_wconf 81' lang='lat' dir='ltr'><strong>habes,</strong></span> <span class='ocrx_word' id='word_1_116' title='bbox 956 1941 1088 2017; x_wconf 83' lang='lat' dir='ltr'><strong>etiamst</strong></span> <span class='ocrx_word' id='word_1_117' title='bbox 1112 1939 1239 2029; x_wconf 84' lang='lat' dir='ltr'><strong>lateat,</strong></span> <span class='ocrx_word' id='word_1_118' title='bbox 1258 1945 1295 2018; x_wconf 90' lang='lat' dir='ltr'><strong>in</strong></span> <span class='ocrx_word' id='word_1_119' title='bbox 1315 1966 1391 2039; x_wconf 89' lang='lat' dir='ltr'><strong>quo</strong></span> <span class='ocrx_word' id='word_1_120' title='bbox 1412 1943 1483 2020; x_wconf 83' lang='lat' dir='ltr'><strong>smr</strong></span> <span class='ocrx_word' id='word_1_121' title='bbox 1506 1947 1622 2021; x_wconf 89' lang='lat' dir='ltr'><strong>dubio</strong></span> 
     </span>
     <span class='ocr_line' id='line_1_15' title="bbox 559 2032 1622 2145; baseline 0.002 -27"><span class='ocrx_word' id='word_1_122' title='bbox 559 2032 667 2145; x_wconf 81' lang='lat' dir='ltr'><strong>pollit</strong></span> <span class='ocrx_word' id='word_1_123' title='bbox 682 2065 718 2120; x_wconf 91' lang='lat' dir='ltr'><strong>te</strong></span> <span class='ocrx_word' id='word_1_124' title='bbox 738 2038 805 2117; x_wconf 77' lang='lat' dir='ltr'><strong>elle</strong></span> <span class='ocrx_word' id='word_1_125' title='bbox 823 2041 991 2137; x_wconf 85' lang='lat' dir='ltr'><strong>superior·</strong></span> <span class='ocrx_word' id='word_1_126' title='bbox 1018 2039 1114 2138; x_wconf 69' lang='lat' dir='ltr'><strong>Qum</strong></span> <span class='ocrx_word' id='word_1_127' title='bbox 1136 2043 1622 2140; x_wconf 69' lang='lat' dir='ltr'><strong>cogitarioadrontunden·</strong></span> 
     </span>
     <span class='ocr_line' id='line_1_16' title="bbox 557 2141 1623 2238; baseline -0.001 -19"><span class='ocrx_word' id='word_1_128' title='bbox 557 2143 668 2231; x_wconf 83' lang='lat' dir='ltr'><strong>dam,</strong></span> <span class='ocrx_word' id='word_1_129' title='bbox 696 2143 1011 2238; x_wconf 77' lang='lat' dir='ltr'><strong>edomandamque</strong></span> <span class='ocrx_word' id='word_1_130' title='bbox 1035 2142 1232 2235; x_wconf 81' lang='lat' dir='ltr'><strong>superbiam</strong></span> <span class='ocrx_word' id='word_1_131' title='bbox 1258 2141 1371 2228; x_wconf 80' lang='lat' dir='ltr'><strong>valet,</strong></span> <span class='ocrx_word' id='word_1_132' title='bbox 1402 2164 1448 2218; x_wconf 86' lang='lat' dir='ltr'><strong>ne</strong></span> <span class='ocrx_word' id='word_1_133' title='bbox 1469 2144 1623 2218; x_wconf 86' lang='lat' dir='ltr'><strong>arbitre-</strong></span> 
     </span>
     <span class='ocr_line' id='line_1_17' title="bbox 473 2242 1620 2344; baseline -0.004 -21"><span class='ocrx_word' id='word_1_134' title='bbox 473 2328 476 2335; x_wconf 89' lang='lat'><em>.</em></span> <span class='ocrx_word' id='word_1_135' title='bbox 554 2245 631 2323; x_wconf 77' lang='lat' dir='ltr'><strong>tis,</strong></span> <span class='ocrx_word' id='word_1_136' title='bbox 654 2247 826 2344; x_wconf 88' lang='lat' dir='ltr'><strong>quoniam</strong></span> <span class='ocrx_word' id='word_1_137' title='bbox 853 2248 919 2319; x_wconf 84' lang='lat' dir='ltr'><strong>tua</strong></span> <span class='ocrx_word' id='word_1_138' title='bbox 940 2242 1103 2339; x_wconf 88' lang='lat' dir='ltr'><strong>quaedum</strong></span> <span class='ocrx_word' id='word_1_139' title='bbox 1127 2242 1222 2318; x_wconf 90' lang='lat' dir='ltr'><strong>bona</strong></span> <span class='ocrx_word' id='word_1_140' title='bbox 1247 2245 1429 2319; x_wconf 73' lang='lat' dir='ltr'><strong>eminent,</strong></span> <span class='ocrx_word' id='word_1_141' title='bbox 1455 2245 1620 2339; x_wconf 84' lang='lat' dir='ltr'><strong>&amp;appa-</strong></span> 
     </span>
     <span class='ocr_line' id='line_1_18' title="bbox 553 2340 1618 2438; baseline -0.001 -17"><span class='ocrx_word' id='word_1_142' title='bbox 553 2353 665 2422; x_wconf 79' lang='lat' dir='ltr'><strong>tent.</strong></span> <span class='ocrx_word' id='word_1_143' title='bbox 696 2343 779 2419; x_wconf 91' lang='lat' dir='ltr'><strong>ideo</strong></span> <span class='ocrx_word' id='word_1_144' title='bbox 803 2342 952 2420; x_wconf 92' lang='lat' dir='ltr'><strong>alterum</strong></span> <span class='ocrx_word' id='word_1_145' title='bbox 984 2342 1079 2419; x_wconf 89' lang='lat' dir='ltr'><strong>nulla</strong></span> <span class='ocrx_word' id='word_1_146' title='bbox 1102 2340 1254 2427; x_wconf 87' lang='lat' dir='ltr'><strong>habete,</strong></span> <span class='ocrx_word' id='word_1_147' title='bbox 1279 2354 1360 2438; x_wconf 71' lang='lat' dir='ltr'><strong>qum</strong></span> <span class='ocrx_word' id='word_1_148' title='bbox 1390 2343 1548 2420; x_wconf 75' lang='lat' dir='ltr'><strong>lateant,</strong></span> <span class='ocrx_word' id='word_1_149' title='bbox 1579 2340 1618 2420; x_wconf 70' lang='lat' dir='ltr'><strong>dd</strong></span> 
     </span>
     <span class='ocr_line' id='line_1_19' title="bbox 552 2438 1643 2540; baseline -0.005 -20"><span class='ocrx_word' id='word_1_150' title='bbox 552 2438 697 2522; x_wconf 75' lang='lat' dir='ltr'><strong>fortasse</strong></span> <span class='ocrx_word' id='word_1_151' title='bbox 732 2445 876 2540; x_wconf 86' lang='lat' dir='ltr'><strong>majoris</strong></span> <span class='ocrx_word' id='word_1_152' title='bbox 903 2443 1074 2540; x_wconf 85' lang='lat' dir='ltr'><strong>ponderis</strong></span> <span class='ocrx_word' id='word_1_153' title='bbox 1098 2444 1218 2528; x_wconf 85' lang='lat' dir='ltr'><strong>bona,</strong></span> <span class='ocrx_word' id='word_1_154' title='bbox 1249 2445 1380 2536; x_wconf 86' lang='lat' dir='ltr'><strong>quibus</strong></span> <span class='ocrx_word' id='word_1_155' title='bbox 1408 2456 1445 2519; x_wconf 87' lang='lat' dir='ltr'><strong>te</strong></span> <span class='ocrx_word' id='word_1_156' title='bbox 1478 2443 1643 2539; x_wconf 86' lang='lat' dir='ltr'><strong>inperat</strong></span> 
     </span>
     <span class='ocr_line' id='line_1_20' title="bbox 553 2539 1619 2641; baseline -0.01 -18"><span class='ocrx_word' id='word_1_157' title='bbox 553 2543 783 2623; x_wconf 83' lang='lat' dir='ltr'><strong>nescientem.</strong></span> <span class='ocrx_word' id='word_1_158' title='bbox 811 2543 900 2621; x_wconf 93' lang='lat' dir='ltr'><strong>Non</strong></span> <span class='ocrx_word' id='word_1_159' title='bbox 922 2545 1020 2619; x_wconf 89' lang='lat' dir='ltr'><strong>enim</strong></span> <span class='ocrx_word' id='word_1_160' title='bbox 1041 2539 1110 2619; x_wconf 80' lang='lat' dir='ltr'><strong>lulli</strong></span> <span class='ocrx_word' id='word_1_161' title='bbox 1129 2566 1223 2627; x_wconf 87' lang='lat' dir='ltr'><strong>nos,</strong></span> <span class='ocrx_word' id='word_1_162' title='bbox 1242 2561 1302 2619; x_wconf 88' lang='lat' dir='ltr'><strong>aut</strong></span> <span class='ocrx_word' id='word_1_163' title='bbox 1318 2542 1523 2620; x_wconf 86' lang='lat' dir='ltr'><strong>adulatione</strong></span> <span class='ocrx_word' id='word_1_164' title='bbox 1547 2567 1619 2641; x_wconf 91' lang='lat' dir='ltr'><strong>po.</strong></span> 
     </span>
     <span class='ocr_line' id='line_1_21' title="bbox 452 2643 1617 2743; baseline -0.01 -23"><span class='ocrx_word' id='word_1_165' title='bbox 452 2679 461 2697; x_wconf 91' lang='lat'><strong>·</strong></span> <span class='ocrx_word' id='word_1_166' title='bbox 501 2666 508 2674; x_wconf 85' lang='grc'><strong>’</strong></span> <span class='ocrx_word' id='word_1_167' title='bbox 553 2645 624 2722; x_wconf 80' lang='lat' dir='ltr'><strong>tius</strong></span> <span class='ocrx_word' id='word_1_168' title='bbox 647 2660 721 2723; x_wconf 72' lang='lat' dir='ltr'><strong>ott»</strong></span> <span class='ocrx_word' id='word_1_169' title='bbox 742 2643 934 2743; x_wconf 80' lang='lat' dir='ltr'><strong>Apostolus</strong></span> <span class='ocrx_word' id='word_1_170' title='bbox 956 2645 1059 2739; x_wconf 85' lang='lat' dir='ltr'><strong>jubet</strong></span> <span class='ocrx_word' id='word_1_171' title='bbox 1073 2690 1083 2720; x_wconf 63' lang='lat'><em>2</em></span> <span class='ocrx_word' id='word_1_172' title='bbox 1097 2660 1183 2720; x_wconf 90' lang='lat' dir='ltr'><strong>cum</strong></span> <span class='ocrx_word' id='word_1_173' title='bbox 1204 2643 1316 2718; x_wconf 78' lang='lat' dir='ltr'><strong>diciti</strong></span> <span class='ocrx_word' id='word_1_174' title='bbox 1338 2643 1445 2714; x_wconf 80' lang='lat' dir='ltr'><strong>Nihil</strong></span> <span class='ocrx_word' id='word_1_175' title='bbox 1466 2663 1617 2735; x_wconf 79' lang='lat' dir='ltr'><strong>percon.</strong></span> 
     </span>
     <span class='ocr_line' id='line_1_22' title="bbox 552 2741 1616 2857; baseline -0.004 -39"><span class='ocrx_word' id='word_1_176' title='bbox 552 2763 756 2823; x_wconf 67' lang='lat' dir='ltr'><strong>leotronam,</strong></span> <span class='ocrx_word' id='word_1_177' title='bbox 785 2764 886 2838; x_wconf 84' lang='lat' dir='ltr'><strong>neque</strong></span> <span class='ocrx_word' id='word_1_178' title='bbox 907 2765 967 2837; x_wconf 80' lang='lat' dir='ltr'><strong>per</strong></span> <span class='ocrx_word' id='word_1_179' title='bbox 991 2749 1119 2814; x_wconf 82' lang='lat' dir='ltr'><strong>inanem</strong></span> <span class='ocrx_word' id='word_1_180' title='bbox 1146 2746 1292 2836; x_wconf 79' lang='lat' dir='ltr'><strong>gloriam</strong></span> <span class='ocrx_word' id='word_1_181' title='bbox 1310 2776 1322 2827; x_wconf 82' lang='lat' dir='ltr'><strong>t</strong></span> <span class='ocrx_word' id='word_1_182' title='bbox 1341 2741 1398 2831; x_wconf 77' lang='lat' dir='ltr'><strong>sed</strong></span> <span class='ocrx_word' id='word_1_183' title='bbox 1423 2743 1616 2857; x_wconf 52' lang='lat' dir='ltr'><strong>humilitate</strong></span> 
     </span>
     <span class='ocr_line' id='line_1_23' title="bbox 553 2832 1625 2936; baseline -0.002 -22"><span class='ocrx_word' id='word_1_184' title='bbox 553 2846 674 2918; x_wconf 81' lang='lat' dir='ltr'><strong>mentis</strong></span> <span class='ocrx_word' id='word_1_185' title='bbox 693 2843 782 2914; x_wconf 78' lang='lat' dir='ltr'><strong>alter</strong></span> <span class='ocrx_word' id='word_1_186' title='bbox 802 2847 944 2916; x_wconf 79' lang='lat' dir='ltr'><strong>alterum</strong></span> <span class='ocrx_word' id='word_1_187' title='bbox 963 2840 1186 2925; x_wconf 70' lang='lat' dir='ltr'><strong>existimantes</strong></span> <span class='ocrx_word' id='word_1_188' title='bbox 1203 2840 1405 2936; x_wconf 79' lang='lat' dir='ltr'><strong>superiorem</strong></span> <span class='ocrx_word' id='word_1_189' title='bbox 1424 2840 1495 2930; x_wconf 70' lang='lat' dir='ltr'><strong>fibi.</strong></span> <span class='ocrx_word' id='word_1_190' title='bbox 1523 2832 1625 2922; x_wconf 81' lang='lat' dir='ltr'><strong>Non¹</strong></span> 
     </span>
     <span class='ocr_line' id='line_1_24' title="bbox 554 2933 1612 3031; baseline -0.007 -6"><span class='ocrx_word' id='word_1_191' title='bbox 554 2933 631 3025; x_wconf 81' lang='lat' dir='ltr'><strong>hoc</strong></span> <span class='ocrx_word' id='word_1_192' title='bbox 657 2948 704 3021; x_wconf 83' lang='lat' dir='ltr'><strong>ita</strong></span> <span class='ocrx_word' id='word_1_193' title='bbox 731 2944 905 3022; x_wconf 84' lang='lat' dir='ltr'><strong>debemur</strong></span> <span class='ocrx_word' id='word_1_194' title='bbox 924 2943 1145 3031; x_wconf 77' lang='lat' dir='ltr'><strong>existimare,</strong></span> <span class='ocrx_word' id='word_1_195' title='bbox 1175 2951 1316 3022; x_wconf 85' lang='lat' dir='ltr'><strong>utnon</strong></span> <span class='ocrx_word' id='word_1_196' title='bbox 1343 2933 1612 3031; x_wconf 78' lang='lat' dir='ltr'><strong>existimemus.</strong></span> 
     </span>
     <span class='ocr_line' id='line_1_25' title="bbox 554 3043 1613 3142; baseline -0.004 -18"><span class='ocrx_word' id='word_1_197' title='bbox 554 3046 614 3124; x_wconf 85' lang='lat' dir='ltr'><strong>led</strong></span> <span class='ocrx_word' id='word_1_198' title='bbox 634 3069 709 3121; x_wconf 89' lang='lat' dir='ltr'><strong>non</strong></span> <span class='ocrx_word' id='word_1_199' title='bbox 731 3047 929 3122; x_wconf 85' lang='lat' dir='ltr'><strong>existimare</strong></span> <span class='ocrx_word' id='word_1_200' title='bbox 953 3043 1156 3142; x_wconf 74' lang='lat' dir='ltr'><strong>fingamus-3</strong></span> <span class='ocrx_word' id='word_1_201' title='bbox 1179 3044 1235 3120; x_wconf 89' lang='lat' dir='ltr'><strong>led</strong></span> <span class='ocrx_word' id='word_1_202' title='bbox 1259 3067 1341 3120; x_wconf 85' lang='lat' dir='ltr'><strong>vere</strong></span> <span class='ocrx_word' id='word_1_203' title='bbox 1367 3044 1613 3122; x_wconf 75' lang='lat' dir='ltr'><strong>existimemus</strong></span> 
     </span>
    </p>
   </div>
   <div class='ocr_carea' id='block_1_5' title="bbox 555 3125 1617 3425">
    <p class='ocr_par' dir='ltr' id='par_1_5' title="bbox 555 3125 1617 3425">
     <span class='ocr_line' id='line_1_26' title="bbox 555 3125 1617 3243; baseline -0.002 -21"><span class='ocrx_word' id='word_1_204' title='bbox 555 3143 691 3242; x_wconf 73' lang='lat' dir='ltr'><strong>aliquid</strong></span> <span class='ocrx_word' id='word_1_205' title='bbox 715 3146 903 3222; x_wconf 88' lang='lat' dir='ltr'><strong>occultum</strong></span> <span class='ocrx_word' id='word_1_206' title='bbox 925 3125 1123 3241; x_wconf 78' lang='lat' dir='ltr'><strong>elleposse</strong></span> <span class='ocrx_word' id='word_1_207' title='bbox 1147 3149 1184 3220; x_wconf 89' lang='lat' dir='ltr'><strong>in</strong></span> <span class='ocrx_word' id='word_1_208' title='bbox 1208 3144 1301 3230; x_wconf 86' lang='lat' dir='ltr'><strong>ulio,</strong></span> <span class='ocrx_word' id='word_1_209' title='bbox 1322 3168 1397 3243; x_wconf 91' lang='lat' dir='ltr'><strong>quo</strong></span> <span class='ocrx_word' id='word_1_210' title='bbox 1426 3146 1530 3220; x_wconf 80' lang='lat' dir='ltr'><strong>nobis</strong></span> <span class='ocrx_word' id='word_1_211' title='bbox 1554 3142 1617 3220; x_wconf 85' lang='lat' dir='ltr'><strong>lu·</strong></span> 
     </span>
     <span class='ocr_line' id='line_1_27' title="bbox 555 3241 1610 3425; baseline -0.002 -104"><span class='ocrx_word' id='word_1_212' title='bbox 555 3250 677 3425; x_wconf 53' lang='lat' dir='ltr'><strong>ferior</strong></span> <span class='ocrx_word' id='word_1_213' title='bbox 689 3241 749 3331; x_wconf 71' lang='lat' dir='ltr'><strong>tit,</strong></span> <span class='ocrx_word' id='word_1_214' title='bbox 771 3244 903 3323; x_wconf 80' lang='lat' dir='ltr'><strong>etiamst</strong></span> <span class='ocrx_word' id='word_1_215' title='bbox 917 3246 1056 3324; x_wconf 88' lang='lat' dir='ltr'><strong>bonum</strong></span> <span class='ocrx_word' id='word_1_216' title='bbox 1072 3244 1251 3322; x_wconf 86' lang='lat' dir='ltr'><strong>nostrum.</strong></span> <span class='ocrx_word' id='word_1_217' title='bbox 1266 3267 1343 3419; x_wconf 59' lang='lat' dir='ltr'><strong>quo</strong></span> <span class='ocrx_word' id='word_1_218' title='bbox 1361 3242 1422 3320; x_wconf 93' lang='lat' dir='ltr'><strong>illo</strong></span> <span class='ocrx_word' id='word_1_219' title='bbox 1445 3244 1610 3321; x_wconf 82' lang='lat' dir='ltr'><strong>videmur</strong></span> 
     </span>
    </p>
   </div>
   <div class='ocr_carea' id='block_1_6' title="bbox 549 3344 1668 4658">
    <p class='ocr_par' dir='ltr' id='par_1_6' title="bbox 573 3344 1613 3443">
     <span class='ocr_line' id='line_1_28' title="bbox 573 3344 1613 3443; baseline -0.003 -21"><span class='ocrx_word' id='word_1_220' title='bbox 573 3347 752 3441; x_wconf 79' lang='lat' dir='ltr'><strong>auctiores</strong></span> <span class='ocrx_word' id='word_1_221' title='bbox 773 3344 867 3432; x_wconf 73' lang='lat' dir='ltr'><strong>elle,</strong></span> <span class='ocrx_word' id='word_1_222' title='bbox 884 3368 960 3428; x_wconf 89' lang='lat' dir='ltr'><strong>oon</strong></span> <span class='ocrx_word' id='word_1_223' title='bbox 979 3344 1023 3421; x_wconf 87' lang='lat' dir='ltr'><strong>lit</strong></span> <span class='ocrx_word' id='word_1_224' title='bbox 1047 3345 1250 3425; x_wconf 65' lang='lat' dir='ltr'><strong>occultum:</strong></span> <span class='ocrx_word' id='word_1_225' title='bbox 1295 3344 1352 3421; x_wconf 77' lang='lat' dir='ltr'><strong>stae</strong></span> <span class='ocrx_word' id='word_1_226' title='bbox 1370 3346 1613 3443; x_wconf 75' lang='lat' dir='ltr'><strong>cogitationen</strong></span> 
     </span>
    </p>

    <p class='ocr_par' dir='ltr' id='par_1_7' title="bbox 553 3441 1613 3738">
     <span class='ocr_line' id='line_1_29' title="bbox 553 3441 1609 3540; baseline -0.003 -18"><span class='ocrx_word' id='word_1_227' title='bbox 553 3444 797 3540; x_wconf 80' lang='lat' dir='ltr'><strong>deprimentes</strong></span> <span class='ocrx_word' id='word_1_228' title='bbox 820 3441 1088 3540; x_wconf 70' lang='lat' dir='ltr'><strong>superbiam&amp;</strong></span> <span class='ocrx_word' id='word_1_229' title='bbox 1118 3460 1285 3521; x_wconf 82' lang='lat' dir='ltr'><strong>acuentes</strong></span> <span class='ocrx_word' id='word_1_230' title='bbox 1307 3445 1538 3532; x_wconf 80' lang='lat' dir='ltr'><strong>charitatem,</strong></span> <span class='ocrx_word' id='word_1_231' title='bbox 1558 3444 1609 3520; x_wconf 80' lang='lat' dir='ltr'><strong>fa·</strong></span> 
     </span>
     <span class='ocr_line' id='line_1_30' title="bbox 555 3542 1613 3643; baseline -0.005 -20"><span class='ocrx_word' id='word_1_232' title='bbox 555 3546 785 3623; x_wconf 74' lang='lat' dir='ltr'><strong>montonem</strong></span> <span class='ocrx_word' id='word_1_233' title='bbox 808 3546 958 3622; x_wconf 82' lang='lat' dir='ltr'><strong>fraterna</strong></span> <span class='ocrx_word' id='word_1_234' title='bbox 983 3544 1161 3628; x_wconf 64' lang='lat' dir='ltr'><strong>invicem,</strong></span> <span class='ocrx_word' id='word_1_235' title='bbox 1177 3553 1254 3620; x_wconf 85' lang='lat' dir='ltr'><strong>don</strong></span> <span class='ocrx_word' id='word_1_236' title='bbox 1276 3542 1394 3624; x_wconf 85' lang='lat' dir='ltr'><strong>solum</strong></span> <span class='ocrx_word' id='word_1_237' title='bbox 1418 3545 1613 3643; x_wconf 80' lang='lat' dir='ltr'><strong>aequoani·</strong></span> 
     </span>
     <span class='ocr_line' id='line_1_31' title="bbox 555 3637 1368 3738; baseline -0.012 -15"><span class='ocrx_word' id='word_1_238' title='bbox 555 3662 642 3738; x_wconf 78' lang='lat' dir='ltr'><strong>nro,</strong></span> <span class='ocrx_word' id='word_1_239' title='bbox 669 3644 853 3722; x_wconf 83' lang='lat' dir='ltr'><strong>sedetiam</strong></span> <span class='ocrx_word' id='word_1_240' title='bbox 875 3637 1100 3722; x_wconf 84' lang='lat' dir='ltr'><strong>libentiffime</strong></span> <span class='ocrx_word' id='word_1_241' title='bbox 1119 3644 1276 3736; x_wconf 79' lang='lat' dir='ltr'><strong>sustineri</strong></span> <span class='ocrx_word' id='word_1_242' title='bbox 1298 3674 1368 3732; x_wconf 73' lang='lat'><strong>‚‚‚‚</strong></span> 
     </span>
    </p>

    <p class='ocr_par' dir='ltr' id='par_1_8' title="bbox 549 3738 1668 4658">
     <span class='ocr_line' id='line_1_32' title="bbox 606 3738 1668 3844; baseline -0.014 -20"><span class='ocrx_word' id='word_1_243' title='bbox 606 3742 688 3824; x_wconf 81' lang='lat' dir='ltr'><strong>Hac</strong></span> <span class='ocrx_word' id='word_1_244' title='bbox 708 3749 813 3822; x_wconf 85' lang='lat' dir='ltr'><strong>etlam</strong></span> <span class='ocrx_word' id='word_1_245' title='bbox 829 3749 967 3822; x_wconf 85' lang='lat' dir='ltr'><strong>rarione</strong></span> <span class='ocrx_word' id='word_1_246' title='bbox 985 3738 1150 3844; x_wconf 85' lang='lat' dir='ltr'><strong>Virgines</strong></span> <span class='ocrx_word' id='word_1_247' title='bbox 1168 3744 1333 3822; x_wconf 82' lang='lat' dir='ltr'><strong>hortatur</strong></span> <span class='ocrx_word' id='word_1_248' title='bbox 1347 3743 1409 3825; x_wconf 90' lang='lat' dir='ltr'><strong>lib.</strong></span> <span class='ocrx_word' id='word_1_249' title='bbox 1434 3743 1472 3812; x_wconf 86' lang='lat' dir='ltr'><strong>lle</strong></span> <span class='ocrx_word' id='word_1_250' title='bbox 1485 3739 1613 3814; x_wconf 74' lang='lat' dir='ltr'><strong>SrVit.</strong></span> <span class='ocrx_word' id='word_1_251' title='bbox 1666 3780 1668 3785; x_wconf 87' lang='lat'><em>·</em></span> 
     </span>
     <span class='ocr_line' id='line_1_33' title="bbox 552 3844 1612 3946; baseline 0.007 -34"><span class='ocrx_word' id='word_1_252' title='bbox 552 3844 721 3946; x_wconf 51' lang='lat' dir='ltr'><strong>patrare,</strong></span> <span class='ocrx_word' id='word_1_253' title='bbox 742 3867 820 3942; x_wconf 84' lang='lat' dir='ltr'><strong>cap·</strong></span> <span class='ocrx_word' id='word_1_254' title='bbox 837 3867 898 3938; x_wconf 84' lang='grc'><strong>44</strong></span> <span class='ocrx_word' id='word_1_255' title='bbox 920 3846 959 3922; x_wconf 84' lang='lat'>&amp;</span> <span class='ocrx_word' id='word_1_256' title='bbox 978 3846 1037 3941; x_wconf 79' lang='lat'><strong>47.</strong></span> <span class='ocrx_word' id='word_1_257' title='bbox 1067 3869 1112 3922; x_wconf 90' lang='lat' dir='ltr'><strong>ne</strong></span> <span class='ocrx_word' id='word_1_258' title='bbox 1137 3845 1170 3922; x_wconf 89' lang='lat' dir='ltr'><strong>se</strong></span> <span class='ocrx_word' id='word_1_259' title='bbox 1198 3844 1402 3923; x_wconf 83' lang='lat' dir='ltr'><strong>mulieribus</strong></span> <span class='ocrx_word' id='word_1_260' title='bbox 1424 3858 1499 3919; x_wconf 90' lang='lat' dir='ltr'><strong>noo</strong></span> <span class='ocrx_word' id='word_1_261' title='bbox 1530 3850 1612 3919; x_wconf 84' lang='lat' dir='ltr'><strong>tum</strong></span> 
     </span>
     <span class='ocr_line' id='line_1_34' title="bbox 553 3938 1611 4041; baseline -0.012 -17"><span class='ocrx_word' id='word_1_262' title='bbox 553 3950 636 4024; x_wconf 81' lang='lat' dir='ltr'><strong>lum</strong></span> <span class='ocrx_word' id='word_1_263' title='bbox 659 3938 795 4032; x_wconf 81' lang='lat' dir='ltr'><strong>viduis,</strong></span> <span class='ocrx_word' id='word_1_264' title='bbox 820 3944 1000 4023; x_wconf 77' lang='lat' dir='ltr'><strong>sedetiam</strong></span> <span class='ocrx_word' id='word_1_265' title='bbox 1023 3946 1256 4041; x_wconf 82' lang='lat' dir='ltr'><strong>conjugatis,</strong></span> <span class='ocrx_word' id='word_1_266' title='bbox 1279 3967 1358 4038; x_wconf 82' lang='lat' dir='ltr'><strong>quae</strong></span> <span class='ocrx_word' id='word_1_267' title='bbox 1384 3939 1455 4019; x_wconf 86' lang='lat' dir='ltr'><strong>Dei</strong></span> <span class='ocrx_word' id='word_1_268' title='bbox 1478 3952 1611 4037; x_wconf 60' lang='lat' dir='ltr'><strong>praecea</strong></span> 
     </span>
     <span class='ocr_line' id='line_1_35' title="bbox 553 4042 1610 4143; baseline 0 -23"><span class='ocrx_word' id='word_1_269' title='bbox 553 4049 627 4142; x_wconf 85' lang='lat' dir='ltr'><strong>ptis</strong></span> <span class='ocrx_word' id='word_1_270' title='bbox 649 4048 778 4143; x_wconf 88' lang='lat' dir='ltr'><strong>pariter</strong></span> <span class='ocrx_word' id='word_1_271' title='bbox 801 4045 999 4131; x_wconf 61' lang='lat' dir='ltr'><strong>obediunm</strong></span> <span class='ocrx_word' id='word_1_272' title='bbox 1026 4060 1247 4139; x_wconf 83' lang='lat' dir='ltr'><strong>anteponere</strong></span> <span class='ocrx_word' id='word_1_273' title='bbox 1271 4045 1435 4136; x_wconf 82' lang='lat' dir='ltr'><strong>audeant·</strong></span> <span class='ocrx_word' id='word_1_274' title='bbox 1466 4042 1610 4137; x_wconf 62' lang='lat' dir='ltr'><strong>Quem·</strong></span> 
     </span>
     <span class='ocr_line' id='line_1_36' title="bbox 553 4145 1609 4242; baseline 0.003 -23"><span class='ocrx_word' id='word_1_275' title='bbox 553 4147 608 4238; x_wconf 62' lang='lat' dir='ltr'><strong>tis</strong></span> <span class='ocrx_word' id='word_1_276' title='bbox 629 4149 725 4222; x_wconf 90' lang='lat' dir='ltr'><strong>enlm</strong></span> <span class='ocrx_word' id='word_1_277' title='bbox 751 4147 932 4242; x_wconf 85' lang='lat' dir='ltr'><strong>virginitas</strong></span> <span class='ocrx_word' id='word_1_278' title='bbox 955 4146 1061 4219; x_wconf 89' lang='lat' dir='ltr'><strong>etiam</strong></span> <span class='ocrx_word' id='word_1_279' title='bbox 1084 4145 1183 4220; x_wconf 85' lang='lat' dir='ltr'><strong>callis</strong></span> <span class='ocrx_word' id='word_1_280' title='bbox 1206 4145 1359 4240; x_wconf 70' lang='lat' dir='ltr'><strong>nuptiis,</strong></span> <span class='ocrx_word' id='word_1_281' title='bbox 1384 4146 1609 4222; x_wconf 78' lang='lat' dir='ltr'><strong>continentia</strong></span> 
     </span>
     <span class='ocr_line' id='line_1_37' title="bbox 552 4242 1610 4345; baseline -0.003 -21"><span class='ocrx_word' id='word_1_282' title='bbox 552 4247 740 4324; x_wconf 85' lang='lat' dir='ltr'><strong>connubio</strong></span> <span class='ocrx_word' id='word_1_283' title='bbox 758 4292 769 4325; x_wconf 84' lang='lat'>‚</span> <span class='ocrx_word' id='word_1_284' title='bbox 789 4244 919 4321; x_wconf 75' lang='lat' dir='ltr'><strong>frudlus</strong></span> <span class='ocrx_word' id='word_1_285' title='bbox 943 4260 1114 4320; x_wconf 85' lang='lat' dir='ltr'><strong>centenus</strong></span> <span class='ocrx_word' id='word_1_286' title='bbox 1150 4247 1287 4320; x_wconf 86' lang='lat' dir='ltr'><strong>triceno</strong></span> <span class='ocrx_word' id='word_1_287' title='bbox 1316 4242 1358 4320; x_wconf 90' lang='lat' dir='ltr'><strong>lit</strong></span> <span class='ocrx_word' id='word_1_288' title='bbox 1379 4244 1510 4345; x_wconf 82' lang='lat' dir='ltr'><strong>absque</strong></span> <span class='ocrx_word' id='word_1_289' title='bbox 1535 4244 1610 4321; x_wconf 78' lang='lat' dir='ltr'><strong>lrae·</strong></span> 
     </span>
     <span class='ocr_line' id='line_1_38' title="bbox 550 4334 1606 4444; baseline 0 -26"><span class='ocrx_word' id='word_1_290' title='bbox 550 4334 717 4421; x_wconf 72' lang='lat' dir='ltr'><strong>fitutione</strong></span> <span class='ocrx_word' id='word_1_291' title='bbox 748 4345 1038 4444; x_wconf 75' lang='lat' dir='ltr'><strong>praeponendurt</strong></span> <span class='ocrx_word' id='word_1_292' title='bbox 1061 4349 1167 4439; x_wconf 85' lang='lat' dir='ltr'><strong>virgo</strong></span> <span class='ocrx_word' id='word_1_293' title='bbox 1200 4345 1320 4420; x_wconf 83' lang='lat' dir='ltr'><strong>lamen</strong></span> <span class='ocrx_word' id='word_1_294' title='bbox 1349 4346 1520 4421; x_wconf 86' lang='lat' dir='ltr'><strong>obediens</strong></span> <span class='ocrx_word' id='word_1_295' title='bbox 1536 4392 1546 4425; x_wconf 71' lang='lat'><em>2</em></span> <span class='ocrx_word' id='word_1_296' title='bbox 1565 4344 1606 4418; x_wconf 83' lang='lat' dir='ltr'><strong>dt</strong></span> 
     </span>
     <span class='ocr_line' id='line_1_39' title="bbox 551 4432 1604 4528; baseline -0.006 -4"><span class='ocrx_word' id='word_1_297' title='bbox 551 4432 677 4524; x_wconf 87' lang='lat' dir='ltr'><strong>Deum</strong></span> <span class='ocrx_word' id='word_1_298' title='bbox 688 4448 815 4522; x_wconf 83' lang='lat' dir='ltr'><strong>timens</strong></span> <span class='ocrx_word' id='word_1_299' title='bbox 828 4499 838 4528; x_wconf 81' lang='grc'><em>,</em></span> <span class='ocrx_word' id='word_1_300' title='bbox 851 4444 917 4526; x_wconf 73' lang='lat' dir='ltr'><strong>illl,-</strong></span> <span class='ocrx_word' id='word_1_301' title='bbox 932 4443 989 4522; x_wconf 82' lang='lat' dir='ltr'><strong>vel</strong></span> <span class='ocrx_word' id='word_1_302' title='bbox 1000 4443 1049 4519; x_wconf 87' lang='lat' dir='ltr'><strong>illi</strong></span> <span class='ocrx_word' id='word_1_303' title='bbox 1063 4443 1199 4520; x_wconf 86' lang='lat' dir='ltr'><strong>mulieri</strong></span> <span class='ocrx_word' id='word_1_304' title='bbox 1214 4444 1414 4528; x_wconf 86' lang='lat' dir='ltr'><strong>obedienti.</strong></span> <span class='ocrx_word' id='word_1_305' title='bbox 1427 4443 1464 4521; x_wconf 72' lang='lat' dir='ltr'><strong>dr</strong></span> <span class='ocrx_word' id='word_1_306' title='bbox 1478 4442 1604 4521; x_wconf 89' lang='lat' dir='ltr'><strong>Deum</strong></span> 
     </span>
     <span class='ocr_line' id='line_1_40' title="bbox 549 4542 1607 4658; baseline -0.01 -35"><span class='ocrx_word' id='word_1_307' title='bbox 549 4546 691 4625; x_wconf 71' lang='lat' dir='ltr'><strong>timenti</strong></span> <span class='ocrx_word' id='word_1_308' title='bbox 704 4545 738 4623; x_wconf 78' lang='lat' dir='ltr'><strong>le</strong></span> <span class='ocrx_word' id='word_1_309' title='bbox 749 4542 920 4627; x_wconf 80' lang='lat' dir='ltr'><strong>anteferre</strong></span> <span class='ocrx_word' id='word_1_310' title='bbox 940 4565 1020 4623; x_wconf 78' lang='lat' dir='ltr'><strong>nort</strong></span> <span class='ocrx_word' id='word_1_311' title='bbox 1038 4545 1187 4626; x_wconf 71' lang='lat' dir='ltr'><strong>audenti</strong></span> <span class='ocrx_word' id='word_1_312' title='bbox 1206 4547 1367 4641; x_wconf 81' lang='lat' dir='ltr'><strong>Alioquin</strong></span> <span class='ocrx_word' id='word_1_313' title='bbox 1380 4568 1443 4618; x_wconf 82' lang='lat' dir='ltr'><strong>nott</strong></span> <span class='ocrx_word' id='word_1_314' title='bbox 1462 4542 1607 4658; x_wconf 30' lang='lat' dir='ltr'><strong>trit-hu·</strong></span> 
     </span>
    </p>
   </div>
   <div class='ocr_carea' id='block_1_7' title="bbox 0 0 1904 5417">
    <p class='ocr_par' dir='ltr' id='par_1_9' title="bbox 0 0 1904 5417">
     <span class='ocr_line' id='line_1_41' title="bbox 0 0 1904 5417; baseline 0 0"><span class='ocrx_word' id='word_1_315' title='bbox 0 0 1904 5417; x_wconf 95' lang='lat' dir='ltr'><strong> </strong></span> 
     </span>
    </p>
   </div>
  </div>
 </body>
</html>
