3800 5417
542 603 629 718 aar
714 601 873 710 rnen
895 595 1067 726 oog.a
1086 537 1237 704 naar.
1254 601 1440 708 nam.

537 755 733 872 accedam,
752 809 800 862 ne
821 784 1002 881 proximae
1020 776 1230 876 occalionet
1245 829 1262 888 ‚⁹
1287 769 1323 858 dc
1351 776 1490 862 ¹rinciila
1509 783 1600 880 pen.

534 891 630 966 tati,
656 887 784 988 quibui
807 887 960 960 irretitus
983 885 1054 967 eil,
1077 883 1112 957 ἅ
1139 884 1329 992 alligatur..
1352 881 1529 973 deserere,
1558 884 1599 970 ἃ

537 991 750 1082 abrumpere
769 999 980 1082 cogeretur,
997 979 1168 1086 lethaliter
1185 999 1359 1082 peccaret.
1389 979 1480 1062 Haec
1498 993 1597 1069 enim‘

537 1087 585 1163 ad
606 1085 727 1172 ¹lalntit
752 1081 989 1160 necellltatena
1015 1085 1205 1178 pertinent·
1241 1082 1299 1160 sic
1324 1083 1429 1160 etiarn
1458 1085 1596 1168 lethalil

566 1190 676 1261 eccati
697 1187 746 1260 rei
767 1183 871 1262 lunt,
897 1182 958 1278 qui
985 1182 1029 1255 ad
1054 1181 1268 1258 exercendae
1295 1185 1470 1262 virtutum
1499 1187 1594 1264 cliii·

535 1204 726 1360 Kianarum
743 1277 948 1359 neceffarias
970 1271 1123 1357 tilloneo
1145 1283 1180 1355 in
1202 1279 1387 1377 publicum
1419 1289 1592 1382 progredi

480 1473 482 1478 ¹
534 1388 695 1469 timent,
723 1407 767 1459 ne
784 1381 878 1458 iort'e
902 1381 1056 1478 graviori
1087 1378 1284 1459 tentalldoe
1308 1385 1590 1479 impugnentur.

532 1477 593 1558 uel
605 1483 649 1559 ab
664 1481 780 1580 impii'a
792 1479 999 1582 hominibus
1018 1479 1263 1559 derideantur,
1278 1499 1339 1560 aut
1365 1479 1500 1578 iniuriis
1514 1483 1590 1567 affl.

531 1582 702 1676 ciuntur3
730 1595 772 1660 ut
787 1577 948 1677 explicat
971 1581 1060 1651 Beda
1084 1585 1122 1663 ln
1157 1577 1326 1662 Proverb.
1361 1591 1441 1680 ca'p-
1458 1597 1518 1663 26.
1542 1579 1589 1666 ad

531 1679 591 1760 illa
616 1683 721 1760 verba
755 1679 854 1754 Dicrt
876 1679 998 1772 piger:
1022 1682 1088 1752 Lto
1118 1675 1161 1757 eil
1188 1681 1224 1751 in
1250 1683 1335 1770 via,
1357 1685 1400 1756 d·
1426 1685 1523 1754 lem
1548 1693 1587 1760 ie

530 1777 730 1870 itineribart
749 1775 965 1868 perradiare
988 1785 1138 1853 verritur
1158 1781 1194 1852 in
1213 1783 1346 1853 cardine
1364 1781 1444 1873 ficol
1461 1785 1510 1858 ira
1527 1787 1585 1882 pia

524 1887 592 1980 'gar
613 1879 649 1953 r'n
671 1875 788 1954 aaran
808 1875 880 1966 suo.

587 1977 704 2076 Quod
729 1979 815 2056 ae'ro
837 1975 974 2055 lethalis
992 1975 1097 2056 etiarn
1113 1975 1250 2076 peccati
1266 1979 1346 2058 relat
1373 1971 1435 2068 lit,
1451 1983 1513 2082 qni
1528 1977 1585 2063 rel

521 2073 740 2184 pastoralem
768 2077 1061 2165 curam,aliudve
1081 2078 1347 2158 ecclefiasticum
1359 2085 1513 2170 munus,
1529 2087 1583 2164 re'·

522 2182 665 2278 gendi,
682 2171 917 2280 praedicandi,
937 2179 1183 2264 docendi,cui
1203 2204 1302 2280 parea
1323 2179 1403 2258 sun't
1433 2185 1510 2279 ejus
1530 2187 1583 2262 'ri-

525 2286 606 2366 res.
629 2276 827 2377 Superioris
863 2276 1032 2355 mandato
1055 2277 1114 2356 fibi
1138 2279 1334 2372 injuntlu'm'
1356 2281 1582 2378 pertinaciled

524 2375 688 2464 recusat,
704 2371 886 2478 colligitur
910 2391 958 2452 'ex
986 2364 1130 2472 loreg.
1161 2380 1337 2476 pallora'lit
1364 2379 1471 2460 Cura
1488 2406 1523 2479 p·
1544 2395 1578 2468 ta

523 2483 607 2580 cap·
623 2499 653 2572 ς.
679 2533 737 2570 „„
765 2480 856 2556 Sunt
875 2473 1185 2570 nonnullilnqun
1198 2473 1290 2578 >qul
1301 2483 1440 2578 magnis
1452 2495 1581 2560 rotinea

524 2579 624 2656 tibur
650 2577 750 2654 ditati
773 2631 786 2665 ,
810 2576 898 2654 dum
920 2574 1026 2652 solius
1052 2577 1365 2676 contemplationis
1383 2579 1504 2660 lludlre
1522 2585 1578 2660 iu·

524 2677 736 2762 ardescunt.
760 2681 879 2772 parere
902 2678 1043 2754 utilitati
1065 2677 1316 2776 proximorum
1347 2683 1382 2756 ln
1407 2681 1577 2778 predicat

456 2831 459 2836 -
524 2773 629 2856 lione
650 2770 850 2872 refugiunt,
866 2773 1038 2853 secretum
1062 2781 1189 2876 quietis
1210 2777 1387 2874 diligunt,
1407 2779 1573 2860 lecessum

522 2876 841 2971 contemplationis
870 2876 1056 2973 poscunt3
1084 2880 1225 2976 dequo
1256 2877 1279 2954 il
1309 2879 1459 2958 arnraoe
1482 2871 1576 2971 iudi&

523 2981 671 3062 'uenture
692 2999 738 3053 ex
762 2979 864 3054 tantis
890 2975 1129 3074 proculdubio
1149 2979 1198 3054 'rel
1219 2975 1317 3065 lunt,
1341 2983 1481 3079 quantia
1512 2991 1575 3058 reb

521 3077 660 3153 nientea
680 3075 723 3150 ad
749 3076 931 3169 poblicum
957 3071 1117 3170 prodelle
1140 3077 1351 3182 potuerurit
1368 3134 1391 3171 „
1408 3115 1445 3172 „·.
1472 3067 1573 3159 Hinc

520 3177 557 3245 S.
576 3173 897 3348 Tuonlocosupra
911 3177 1042 3261 citato,
1072 3179 1107 3250 in
1126 3167 1354 3269 responllone
1378 3179 1422 3254 ad
1446 3175 1573 3257 secud-

518 3269 610 3349 dum
625 3321 633 3345 .
647 3277 695 3349 ait
715 3295 724 3348 :
746 3328 770 3357 ‚‚
785 3321 811 3358 ‚2
867 3262 959 3348 otest
994 3271 1340 3376 contingete.quod
1372 3275 1496 3374 aliquia
1520 3279 1570 3358 ei

519 3374 673 3451 'virtuter
687 3383 794 3467 quam
807 3357 912 3447 habet
931 3418 943 3454 2
961 3369 1001 3448 fit
1020 3373 1150 3470 dignus
1163 3365 1207 3450 ad
1227 3374 1342 3473 aliqua
1365 3377 1492 3474 magna
1518 3379 1571 3456 fa·

517 3469 667 3555 cienda,
683 3494 762 3569 quae
784 3469 864 3548 sunt
885 3471 993 3568 digna
1031 3485 1167 3570 magno
1186 3465 1351 3565 ilonore3
1379 3473 1415 3553 dr
1444 3487 1567 3556 tamed

517 3591 583 3667 per
602 3570 700 3658 hoc,
734 3569 834 3669 quod
864 3569 934 3668 ipse
958 3595 1032 3648 raon
1056 3589 1204 3650 attentat
1237 3571 1295 3651 sua
1322 3571 1453 3654 virtute
1485 3572 1563 3666 ulia

506 3678 666 3765 ,peccam
686 3673 903 3770 quandoque
926 3673 1073 3770 quidem
1103 3665 1308 3763 venialiter.
1341 3673 1566 3778 quandoque

516 3779 639 3847 autern
657 3771 851 3847 mortaliter
874 3816 953 3856 .....

570 3867 678 3945 Neca
697 3889 845 3965 peccato
865 3866 981 3945 lethali
1007 3868 1212 3948 excusatur.
1249 3873 1285 3951 ul
1309 3868 1387 3951 haec
1407 3873 1564 3968 perlina

515 3968 605 4043 citer
629 3977 778 4055 recolat.
794 3973 874 4067 quia
894 3971 927 4044 se
948 3967 1135 4066 indignum
1159 3894 1333 4050 exiHimat
1353 3963 1560 4070 hujusmodi

515 4070 742 4152 muneribus,
763 4070 816 4143 vei
835 4071 1034 4146 honoribus
1067 4091 1078 4159 ;
1109 4069 1185 4148 haec
1213 4073 1306 4148 enim
1337 4071 1412 4150 falsa
1436 4073 1559 4153 humi·

514 4163 593 4243 litas
622 4167 683 4244 est·
717 4165 822 4245 Unde
849 4178 881 4250 l,
910 4169 1025 4248 Tuom.
1050 4171 1181 4246 ibidem
1203 4176 1237 4245 in
1263 4169 1491 4269 responllonc
1510 4171 1556 4254 ad

515 4271 660 4342 tertium
675 4266 802 4344 docet:
820 4323 841 4358 „
854 4323 876 4359 „
896 4265 1012 4361 Quod
1030 4270 1133 4344 etiam
1152 4269 1410 4367 pufillanimitaa
1432 4273 1556 4370 aliquo

406 4421 410 4426 .
511 4367 630 4442 tnodo
653 4368 868 4457 exl'aperbia
889 4368 1005 4466 potest
1034 4371 1141 4474 oriri.
1166 4370 1253 4448 dum
1281 4369 1407 4478 scillcet
1430 4375 1553 4548 alipuia

497 4465 624 4544 -nimlu
638 4467 785 4564 proprio
807 4463 902 4542 sensu
929 4469 1205 4568 laniatumque
1229 4483 1383 4562 reputat·
1396 4469 1431 4548 se
1446 4475 1482 4550 in
1498 4473 1552 4550 uf·

508 4547 689 4646 &antean
716 4569 762 4646 ad
786 4588 849 4656 ea,
878 4555 1034 4663 rel'pedu
1051 4589 1209 4665 quorum
1228 4563 1469 4751 lufficientiagg
1488 4571 1550 4647 ht·
