3800 5417
551 547 621 643 De
650 548 833 683 Peccatls
862 542 1123 667 capitalibus}
1294 481 1376 663 adt
1419 524 1430 569 ³

323 730 402 804 lum
424 722 569 821 virginis
588 723 699 821 usque
719 724 764 800 ad
782 725 1053 802 matrimonium
1075 716 1265 817 explicant.
1295 714 1375 799 Un-
1429 742 1432 749 ·

320 828 368 902 de
390 823 415 900 sr
436 829 516 922 quis
535 827 708 920 virginem
729 826 978 921 grandaevam,
997 829 1033 909 dr
1052 823 1103 899 sui
1123 823 1205 915 iuria
1225 821 1376 899 existen·

321 943 419 1006 rem,
442 929 549 1000 etiam
568 922 871 1011 consentientem,
889 941 989 1002 extra
1012 924 1281 1001 matrimonium
1312 921 1375 997 de·

320 1022 535 1108 duraverit,
565 1024 675 1123 stupri
696 1047 774 1100 reus
799 1027 859 1100 est.
1388 1083 1407 1149 s
1426 1075 1556 1168 mm

372 1126 585 1216 Sarriiegirrnr
605 1130 642 1200 in
666 1127 807 1199 materia
832 1118 981 1202 luxutlae
1006 1114 1056 1199 est
1072 1115 1232 1216 persona,
1251 1116 1307 1187 vel
1322 1116 1374 1190 rrr'
1409 1103 1425 1148 ²

272 1272 275 1283 ι
321 1224 398 1296 Deo
424 1224 611 1308 consecrata
644 1243 702 1315 per
728 1223 834 1294 aslum
855 1246 1040 1316 'veneream
1060 1220 1214 1292 violatio.
1252 1217 1371 1317 Quod

318 1317 588 1400 committitur,
613 1332 698 1399 culn
730 1326 809 1421 qnia
841 1322 941 1400 sacris
968 1308 1165 1400 Ordinibus
1190 1322 1369 1406 initiatur,

282 1423 285 1433 '
320 1436 384 1500 aut
408 1421 556 1498 solemni
584 1419 798 1500 Proselsrone
823 1423 925 1500 alicui
955 1419 992 1500 Ο
1040 1423 1085 1497 'nl
1115 1420 1279 1518 religioso
1308 1414 1372 1494 ad·

320 1522 461 1612 ditluaa
487 1527 672 1599 autetiam
697 1524 841 1618 fimplici
864 1539 954 1600 voto
975 1546 1013 1599 ca
1045 1514 1136 1597 itatis
1157 1518 1368 1606 obstrictus.

322 1623 471 1699 luxuriae
497 1640 684 1720 peccatum
714 1626 940 1716 committir'5
966 1624 1019 1698 rel
1044 1620 1153 1697 laicus
1181 1641 1264 1697 cum
1294 1617 1372 1693 san-

321 1722 514 1799 dlimoniali
540 1719 715 1818 proselsa,
738 1739 799 1799 aut
816 1724 962 1798 muliere
988 1736 1079 1799 roto
1102 1716 1250 1815 simplici
1270 1708 1372 1835 calli·

321 1825 402 1899 tatia
428 1820 512 1900 Deo
534 1823 670 1914 dicata3
687 1838 748 1899 aut
775 1822 900 1899 mulier
923 1820 1083 1900 neniam
1110 1842 1195 1897 cuna
1215 1819 1290 1896 viro
1308 1817 1372 1893 alr·

321 1944 399 2021 quo
423 1944 470 1999 ex
488 1920 542 1996 his
565 1923 682 2007 nodia
703 1921 828 2005 lucror
850 1936 1016 2001 anteum
1040 1924 1118 1998 duae
1140 1920 1297 2017 personae
1319 1914 1371 1994 sa·

320 2044 392 2100 crae
413 2020 517 2098 fimul
533 2045 724 2099 venereum
742 2040 928 2117 peccatum
947 2027 1209 2103 committunt,
1228 2020 1285 2094 seu
1301 2038 1368 2107 νο·

322 2121 458 2199 suntote
487 2120 582 2203 sola,
608 2122 663 2198 vel
683 2122 869 2198 deliberata
895 2122 1151 2206 delatratione,
1172 2122 1229 2196 seu
1256 2131 1368 2213 opera

322 2220 593 2308 consummato,
612 2220 667 2296 vel
694 2220 925 2317 imperselio.
949 2223 1068 2320 quater
1086 2221 1167 2298 sunt
1184 2215 1366 2333 alpeduelg

323 2321 362 2396 dr
386 2320 494 2397 tactus
517 2323 714 2418 impudici,
743 2322 780 2396 dr
810 2321 927 2397 oscula
951 2321 1160 2413 libidinosa3
1188 2334 1250 2396 ant
1268 2315 1367 2391 dem·

323 2443 396 2520 que
417 2441 502 2496 curu
519 2423 553 2495 in
578 2424 662 2498 loco
679 2420 800 2500 sacro,
818 2423 855 2499 id
876 2424 949 2507 eli.
972 2418 1121 2500 licclefia
1140 2420 1367 2525 consecratae

324 2520 382 2595 vel
399 2519 600 2606 beneditio,
616 2525 853 2604 coemeterio,
877 2532 938 2598 aut
963 2516 1088 2598 sacello
1119 2516 1283 2615 Episcopi
1304 2529 1371 2591 au-

323 2619 487 2696 doritate
508 2622 652 2705 orello.
674 2623 712 2696 dc
732 2621 857 2696 divino
879 2622 991 2698 cultui
1019 2612 1169 2706 dicato,
1199 2617 1292 2693 actus
1306 2637 1368 2691 vo·

322 2741 471 2805 nereus,
486 2723 591 2796 etiam
612 2721 861 2817 aconjugibur
875 2734 1073 2798 exercetur·
1100 2710 1194 2817 Quae
1213 2720 1370 2793 circum·

324 2821 456 2895 slantiae
485 2821 520 2895 in
546 2808 773 2898 Consesllone
800 2819 1036 2898 sacramentali
1069 2823 1222 2898 omnino
1254 2815 1369 2914 expli·
1485 2849 1488 2855 ·

324 2917 581 3100 mgggstl‘t‘tsntest
600 3011 789 3090 commixtio
806 3030 945 3090 veneten
956 3006 1164 3113 persinarurtr
1182 3002 1368 3109 tonsrngrri.
1384 2993 1527 3072 inulam·

325 3141 481 3204 orarunt,
509 3125 561 3188 vel
584 3116 727 3205 affinium
746 3121 838 3190 intra
857 3124 980 3214 gradus
1010 3114 1217 3213 prohibitore
1242 3115 1372 3194 scillcet

324 3218 491 3316 usquead
509 3236 673 3316 quartum
686 3218 837 3316 gradum
852 3214 1164 3320 consanguinitatis
1180 3216 1370 3319 inclufive.

324 3323 412 3396 item
433 3321 541 3416 usque
570 3323 612 3396 ad
642 3338 808 3418 quartum
832 3323 984 3420 graelum
1015 3312 1190 3398 affinitatis
1226 3339 1272 3391 ex
1296 3340 1371 3393 maa

324 3423 498 3495 trimouio
515 3420 671 3516 legitime
689 3423 872 3500 contratln
886 3416 1075 3508 inclulive.
1098 3442 1144 3496 ex
1163 3412 1294 3513 copula
1307 3438 1371 3492 au·
1476 3454 1484 3485 i

324 3534 399 3595 tem
423 3518 539 3596 illicita
562 3522 670 3618 usque
699 3520 744 3597 ad
768 3524 974 3605 secundum.
1004 3523 1056 3597 ild
1087 3538 1194 3619 quam
1220 3516 1371 3615 speciem

327 3622 479 3715 pertinet
501 3621 644 3716 quidem
666 3620 812 3696 violatio
832 3624 1060 3717 cognationis
1079 3615 1261 3716 spiritualis
1281 3631 1371 3691 orto
1412 3702 1415 3707 ¹

325 3741 373 3796 ex
392 3717 590 3816 Baptismo‚
607 3721 658 3796 vel
678 3718 984 3813 confirmatione,
1006 3706 1371 3814 &congressuaCom

325 3819 446 3896 selsarir
473 3843 557 3896 curn
579 3820 647 3897 lilia
670 3820 832 3918 spirituali
857 3825 1079 3917 poenitente.
1096 3820 1151 3894 vel
1173 3815 1262 3893 illius
1288 3802 1369 3889 soli·

326 3923 481 4005 citatio.
506 3936 547 3996 ut
576 3922 713 3999 constat
733 3943 779 3996 ex
799 3944 878 4004 ean.
917 3925 1032 3992 Omnes
1056 3962 1066 3997 2
1091 3917 1126 3994 n
1154 3936 1199 3994 ex
1226 3938 1304 3991 can.
1331 3904 1368 3982 ti

325 4025 398 4117 qun
421 4026 602 4099 Sacerdos»
628 4021 725 4099 causa
741 4040 800 4116 30·
826 4045 889 4119 qu.
915 4043 946 4098 r·
969 4019 1027 4098 sed
1060 4012 1226 4115 sacrilegii
1247 4014 1368 4091 desor-

321 4125 449 4211 nritate
468 4121 679 4198 cumulatur.

375 4225 503 4311 Raptus
524 4222 567 4300 est
580 4218 728 4300 distritio
745 4217 884 4292 luxurie
900 4220 1040 4318 species.
1059 4232 1123 4316 qua
1130 4202 1369 4386 ltaliae-que·
1383 4202 1512 4295 milli&
1558 4275 1564 4281 -

325 4322 400 4391 dana
416 4326 549 4407 invita,
567 4322 621 4392 vel
647 4318 896 4415 repugnantibus
918 4323 988 4416 ejus
997 4321 1128 4414 parenti
1145 4330 1209 4402 trs,
1225 4332 1283 4384 aar
1306 4316 1373 4397 iis,

327 4443 463 4516 qnorum
492 4446 574 4493 rnre
598 4418 759 4510 commissa
781 4416 846 4508 ess,
866 4438 924 4515 per
947 4427 1019 4495 vim
1040 4471 1052 4506 ,
1077 4435 1135 4488 rur
1156 4404 1372 4502 seduliionem

328 4519 523 4610 abducitur,
549 4523 710 4617 explenda
728 4516 900 4607 sibillino,
923 4540 982 4596 aar
1010 4519 1215 4593 matrimonii
1241 4529 1377 4583 contra.

756 4610 798 4700 H
821 4618 847 4696 h
874 4639 897 4700 a
1227 4612 1325 4688 larndi
