3800 5417
540 585 611 682 Dc
630 549 816 676 Precatio
841 582 1100 704 capitalibus.
1286 588 1379 699 '795'

320 753 425 842 Hem
447 756 579 855 probat
598 740 1197 841 S.T1›omsexaeedi?2n0tionea
1217 761 1251 837 S.
1267 760 1380 849 Joan.
1503 731 1505 738 ’

320 860 528 944 Damascena
552 857 678 936 tradita
693 856 753 935 lib.
769 874 803 934 2.
824 864 878 931 De
898 862 982 933 fide
1004 864 1186 934 orthodoxo
1198 902 1212 947 ,-
1226 882 1303 960 αφ.
1319 881 1382 953 14.

320 1005 380 1054 ω,
408 959 539 1035 dcedia
564 953 733 1054 (inquit)
751 958 802 1035 est
819 957 984 1059 quaedam
1007 963 1141 1039 tristitia
1156 982 1379 1060 aggravant.

276 1145 281 1156 ,
320 1081 402 1158 quar
425 1060 554 1157 scilicet
575 1062 623 1136 ita
648 1058 817 1157 deprimit
838 1063 1000 1138 animum
1025 1061 1183 1139 hominis
1198 1113 1208 1144 ‚
1226 1075 1267 1137 ut
1288 1058 1380 1140 nihii

278 1175 281 1180 '
320 1182 355 1238 er
380 1180 485 1255 agere
505 1160 624 1238 libeat·
648 1156 866 1255 Hujosmodi
881 1176 1001 1238 autem
1030 1162 1162 1239 tristitia
1181 1161 1315 1256 semper
1329 1159 1381 1236 est

321 1259 435 1344 mala,
453 1262 672 1358 quandoque
688 1258 883 1336 secundum
903 1257 1073 1356 seipsam,
1092 1262 1311 1360 quandoque
1326 1258 1381 1336 se·

320 1361 483 1438 cundum
504 1356 681 1438 effectum.
709 1355 863 1436 Tristitia
882 1361 980 1436 enim
1006 1360 1200 1440 secuudum
1225 1358 1258 1436 se
1285 1358 1380 1438 mala

321 1458 394 1562 eii.
420 1481 501 1559 qua
535 1459 586 1537 est
605 1462 651 1535 de
670 1479 747 1545 eo.
769 1459 871 1559 qnod
895 1460 946 1536 est
967 1483 1139 1559 apparens
1161 1459 1296 1538 malum
1311 1507 1323 1540 2
1339 1459 1379 1535 de

323 1581 408 1656 vere
435 1569 599 1644 bouum,
622 1557 712 1638 sicut
735 1562 959 1637 econtrario
972 1561 1063 1639 mala
1090 1561 1276 1640 desesiatio
1299 1559 1375 1647 est.

320 1681 403 1757 quc
428 1659 478 1737 esi
498 1660 544 1752 de
569 1681 643 1746 eo,
665 1659 767 1758 quod
785 1660 835 1744 esi
854 1682 1025 1756 apparens
1047 1663 1211 1743 bonum,
1230 1662 1267 1737 de
1292 1683 1378 1738 vere
1438 1684 1440 1690 ·

323 1762 471 1846 malum·
496 1759 697 1858 Cumergo
710 1759 883 1857 spirituale
904 1765 1043 1839 bonum
1057 1762 1100 1841 sit
1118 1786 1199 1840 vere
1213 1762 1375 1848 bonum.

321 1861 477 1949 tristitia.
496 1883 578 1962 quc
602 1862 661 1937 esi
676 1864 721 1936 de
748 1859 915 1956 spirituaii
940 1860 1043 1939 bono
1068 1916 1080 1948 .
1102 1864 1154 1941 est
1177 1860 1381 1940 seeundum.

280 1984 281 1988 ¹
322 1959 357 2038 se
375 1962 477 2037 masa·
502 1963 601 2054 Qria
615 1982 706 2058 ergo
727 1961 873 2045 acedia,
896 1958 1093 2040 secuudum
1113 1962 1215 2060 quod
1239 1961 1299 2041 hic
1315 1959 1371 2038 su·

321 2062 676 2150 mitur.uominatur
694 2059 828 2137 tristitia
847 2059 1031 2158 spirituatis
1050 2066 1162 2151 boni,
1183 2062 1234 2139 est
1253 2061 1374 2158 dupli·

293 2171 296 2178 '
320 2160 409 2237 citer
424 2160 538 2248 mala,
556 2163 592 2236 de
613 2160 808 2251 secondum
830 2158 885 2241 se,
900 2161 937 2235 de
960 2159 1155 2241 secuudum
1176 2160 1373 2247 offertum,

320 2260 360 2340 dr
379 2258 465 2337 ideo
488 2263 610 2338 acedia
634 2261 685 2338 est
718 2276 906 2358 peccatum
935 2313 959 2352 „
977 2314 1014 2354 „.

367 2356 433 2442 lu.
455 2360 585 2438 Acedia
623 2358 752 2439 sethaie
782 2380 830 2435 ex
855 2379 989 2459 genere
1011 2357 1075 2440 suo
1097 2377 1288 2461 peccaturo
1308 2361 1372 2447 esi.

321 2458 454 2540 accur
472 2462 568 2538 euim
596 2459 646 2537 est
672 2459 807 2538 tristitia
838 2458 969 2545 seculi,
991 2481 1077 2539 cum
1105 2485 1183 2540 nou
1207 2461 1249 2539 sit
1271 2465 1376 2541 tristi·

324 2561 372 2640 tia
393 2559 592 2652 secundum
607 2558 753 2655 Deum
777 2560 836 2637 sed
858 2557 1123 2648 Trilir‘tusecusr'
1137 2580 1275 2634 mortem
1300 2583 1375 2657 ope.
1391 2564 1419 2616 ¹·
1446 2539 1514 2617 ΕΝ·
1535 2555 1570 2629 i·

322 2682 422 2758 rarat
451 2679 470 2756 a,
482 2662 612 2746 scritate
638 2665 747 2759 igitur
770 2675 960 2758 peccatum
984 2659 1046 2738 est·
1064 2658 1106 2740 ld
1125 2660 1318 2739 coufirmat
1342 2667 1377 2732 S·
1458 2669 1461 2674 '

321 2761 466 2835 Thomas
493 2761 562 2839 hac
579 2768 736 2838 ratione:
762 2815 785 2852 ‚
799 2814 823 2853 „
850 2759 1041 2855 Peccatum
1058 2762 1211 2839 mortale
1223 2762 1354 2839 dicitur
1361 2808 1376 2847 ,

321 2861 426 2961 quod
445 2860 657 2958 spiritualem
681 2863 791 2935 viram
818 2856 937 2937 toltit,
964 2881 1045 2959 quar
1071 2863 1121 2938 est
1144 2884 1207 2958 per
1229 2863 1380 2938 charita·

321 2978 425 3048 tem,
444 2964 642 3038 secundum
660 2981 769 3059 quam
784 2954 887 3035 Deur
907 2961 946 3035 in
963 2963 1068 3035 nobis
1090 2960 1273 3039 inhabitat.
1301 2958 1381 3038 Un-

321 3062 369 3139 de
387 3063 476 3139 iilud
497 3075 687 3156 peccatum
701 3080 750 3138 ex
769 3057 834 3136 suo
854 3082 989 3159 genere
1009 3059 1060 3136 est
1073 3063 1252 3150 mortale.
1276 3058 1381 3159 quod

323 3160 420 3239 dese
437 3160 633 3238 secundum
652 3161 835 3260 propriam
849 3164 1025 3237 rationem
1047 3165 1282 3239 contrariatur
1296 3161 1382 3238 cha·

322 3266 448 3357 ritati3
473 3259 680 3352 hujusmodi
698 3277 820 3337 autem
844 3261 893 3336 ert
918 3259 1051 3344 acedia.
1093 3260 1190 3341 Nam
1216 3264 1384 3360 propriue

326 3362 474 3443 effecius
492 3363 672 3438 chariratis
695 3360 747 3437 est
772 3359 946 3457 gaudium
971 3362 1018 3437 de
1044 3356 1152 3445 Deor
1178 3360 1298 3439 acedia
1318 3384 1385 3438 au·

325 3481 403 3545 tem
425 3463 476 3541 ert
499 3462 636 3539 tristitia
657 3459 703 3538 de
734 3461 837 3536 bono
860 3459 1101 3556 spirituaii,iu
1130 3477 1306 3558 quantum
1332 3460 1385 3537 eii

325 3569 468 3644 bouum
489 3563 682 3655 divinum
704 3562 801 3638 uude
820 3560 1016 3639 secundum
1040 3563 1141 3642 suum
1167 3584 1283 3661 genus
1301 3582 1385 3638 ace·

325 3668 386 3745 dio
407 3666 456 3740 est
477 3681 666 3763 peccatum
700 3661 852 3739 mortale
882 3707 954 3751 „„.

378 3762 589 3844 adversatur
612 3764 760 3856 primo,
787 3762 825 3838 du
847 3762 1011 3836 maximo
1032 3756 1161 3837 dirioae
1185 3756 1381 3841 diledionir
1394 3773 1566 3846 ieediaau.

325 3866 512 3943 mandato·
538 3860 663 3944 Deum
683 3862 780 3938 enim
801 3882 849 3937 ex
868 3873 953 3938 toto
972 3858 1112 3941 corde,
1131 3881 1179 3937 ex
1199 3873 1278 3939 tota
1305 3866 1375 3940 aui·
1393 3850 1520 3943 '‘fsi‘uf

325 3987 408 4051 ma,
428 3985 474 4041 ex
494 3977 572 4040 tota
593 3966 724 4040 virtute
744 3984 821 4038 noo
844 3958 983 4057 diligit.
1005 3960 1069 4058 qui
1091 3960 1127 4037 io
1150 3965 1320 4041 omnibus
1334 3963 1380 4041 ad
1392 3930 1580 4065 mm,

292 4136 300 4150 ,
328 4059 580 4163 assequendam
606 4057 754 4140 salutem
777 4057 997 4139 necessariis,
1022 4056 1078 4137 ves
1102 4058 1256 4158 frigescit
1306 4068 1582 4170 eni-tertionaria

328 4179 414 4245 tua·
441 4164 498 4239 vei
527 4162 684 4260 tepescit
710 4160 835 4257 Quem
855 4161 1002 4257 quidem
1023 4171 1188 4258 teporem
1212 4164 1259 4240 ita
1320 4171 1567 4240 eorunm:-

328 4264 520 4349 exhorret.
551 4280 593 4341 ut
620 4266 842 4340 acediososa
864 4267 899 4336 se
922 4261 1165 4347 vomiturum.
1189 4261 1225 4337 id
1253 4264 1327 4342 est,
1349 4260 1382 4339 se
1393 4231 1474 4298 ‘¹⁸¹⁰'

330 4364 627 4453 durantum&
645 4366 768 4459 gratio
787 4359 855 4442 suc
874 4361 1015 4440 auxiliis
1039 4366 1259 4460 privatorum
1278 4384 1384 4438 corn.

327 4469 498 4545 minetur·
524 4464 638 4561 Apoc·
653 4478 690 4555 3.
719 4465 794 4534 Seio
821 4481 919 4554 opere
937 4477 1028 4547 tua,
1056 4473 1134 4557 quia
1159 4483 1259 4556 reque
1277 4458 1387 4557 frigi.

327 4569 390 4654 dur
407 4588 463 4656 es,
484 4584 586 4661 aeque
608 4565 746 4650 eutius.
769 4562 908 4652 Urium
928 4557 1078 4660 βψω
1101 4559 1203 4654 effes,
1225 4581 1285 4634 aur
1302 4562 1386 4658 cisi-⁴

926 4663 932 4679 '
1116 4664 1118 4666 ’
1245 4665 1329 4740 dut!
