3800 5417
615 570 687 671 De
709 572 899 671 Peccatis
936 574 1199 693 capitalibus}
1373 600 1428 682 rs

368 743 459 827 dont
485 767 553 842 per
578 743 779 823 libertatern
817 749 1044 826 redirodinis·
1070 747 1276 849 Aliquando
1301 766 1424 833 autem

365 846 494 931 subditi
530 864 725 942 proterva,
748 870 830 952 qua:
859 850 1040 936 lentiunt,
1071 875 1297 951 nequaquam
1333 877 1421 950 pro-

365 948 479 1038 dunt3
510 947 546 1020 dr
579 944 617 1023 hi
649 969 808 1045 quorum
839 950 1034 1049 loquacitas
1067 956 1129 1025 vix
1158 952 1423 1050 compescitur.

364 1070 630 1143 nonnunquam
647 1070 694 1121 ex
710 1045 780 1122 sola
794 1052 1026 1129 amaritudine
1044 1052 1159 1125 intimi
1180 1056 1335 1128 rancoris
1354 1055 1424 1131 ob·

363 1146 581 1226 mutescunt.
618 1147 696 1251 Qui
722 1170 786 1244 per
810 1149 979 1226 dolorem
1015 1154 1171 1237 mentis,
1195 1155 1423 1249 procacitatis

361 1245 430 1330 lore
446 1247 920 1333 rethaluhtrahentes‚cum
937 1249 1030 1326 male
1041 1249 1142 1343 loqui
1154 1248 1304 1329 soleant,
1322 1246 1423 1345 pejus

362 1361 511 1436 tacent;
546 1351 629 1446 quia
655 1370 739 1429 cunr
760 1368 947 1444 peccantes
975 1349 1109 1448 aliquid
1134 1350 1178 1423 de
1200 1352 1424 1431 correlliono

362 1448 543 1534 audiunt,
577 1447 802 1543 indignantes
829 1452 934 1538 etiam
972 1448 1207 1546 responsionis
1236 1453 1341 1527 rerba
1369 1449 1387 1524 l
1409 1494 1428 1514 -

360 1547 551 1646 [pendunt.
581 1545 680 1639 Cum
704 1548 757 1624 his
779 1551 926 1646 quando
954 1550 1070 1648 aspere
1099 1551 1244 1644 agitur,
1268 1549 1356 1646 sape
1378 1545 1427 1625 ad
1458 1600 1461 1609 -

301 1736 304 1741 ,
361 1647 525 1746 quaerelae
555 1672 685 1737 rocem
714 1648 760 1723 de
799 1651 865 1724 hac
898 1650 968 1749 ipsa
1005 1649 1185 1745 asperitate
1222 1649 1428 1747 prosiliunt«

360 1752 458 1839 Cum
494 1770 582 1830 veto
605 1772 668 1823 eos
696 1749 849 1846 magistri
876 1748 926 1839 [ui
955 1750 1082 1824 blande
1104 1753 1326 1848 praeveniunt
1346 1793 1356 1822 2
1376 1749 1426 1825 do

359 1848 430 1925 hac
454 1847 526 1944 ipsa
549 1848 749 1937 humilitate
765 1904 778 1936 2
797 1872 867 1944 qua
887 1853 1057 1947 prasenti
1082 1848 1184 1931 lunt,
1205 1853 1345 1944 gravius
1367 1853 1426 1925 ina

362 1949 559 2044 dignantur
583 1949 652 2040 3&
686 1964 787 2025 tanto
813 1971 941 2026 eorum
973 1968 1074 2023 mens
1102 1949 1226 2025 vastius
1258 1949 1425 2024 accendi·

363 2065 449 2133 tur,
477 2064 616 2145 quanto
638 2047 892 2125 conlideratius
921 2047 1059 2130 infirma
1086 2049 1271 2144 judicatur·
1297 2045 1425 2126 llini-

361 2152 519 2229 mirum‚
543 2152 625 2246 quia
647 2151 904 2235 humilitatem,
925 2172 1004 2246 qua
1023 2151 1193 2231 virtutum
1216 2163 1326 2224 mater
1347 2148 1427 2231 est.

359 2248 551 2339 nesciunt,
577 2249 678 2330 ulum
710 2248 839 2327 laboris
871 2250 920 2325 lui
949 2248 1135 2344 perdunt,
1167 2248 1323 2325 etiamst
1350 2272 1424 2344 qua

359 2350 460 2431 bona
477 2349 582 2435 sunt,
602 2372 681 2450 quae
704 2352 842 2445 operari
863 2349 1072 2441 vid-cantum
1089 2352 1169 2444 quia
1185 2348 1356 2445 surgentis
1371 2348 1424 2425 la·

318 2480 321 2487 ·
362 2450 470 2529 briona
483 2449 629 2527 robusta
642 2447 815 2524 celsitudo
835 2473 908 2532 non
926 2448 1069 2544 ligitur,
1087 2473 1172 2545 ¹quaa
1196 2471 1427 2545 nequaquam

360 2571 427 2647 per
451 2548 680 2647 fundamenti
693 2547 941 2625 fortitudinem
969 2553 1005 2622 in
1024 2565 1121 2642 petra
1138 2550 1318 2625 solidatur·
1344 2547 1426 2635 Soli

360 2672 453 2745 ergo
480 2653 581 2728 ruina
603 2648 733 2724 'crescit
764 2650 864 2745 quod
891 2646 1094 2733 addicant,
1118 2653 1200 2751 qnia
1234 2664 1316 2723 ante
1342 2669 1428 2721 mo·

359 2749 434 2823 lem
456 2746 628 2837 fabrica,
647 2746 854 2827 humilitatis
878 2747 1082 2824 fundamina
1113 2773 1187 2824 non
1211 2763 1422 2844 procurant.

361 2848 471 2940 Quos
498 2853 587 2932 bene
611 2851 655 2925 ab
683 2851 814 2928 intimis
840 2846 1046 2948 prodimus,
1078 2848 1243 2945 fipaucis
1263 2850 1300 2927 iu
1322 2861 1427 2923 exte«

360 2949 518 3033 rioribus
546 2948 780 3031 extendamus
807 3004 828 3039 „
849 3004 886 3038 ‚‚.

415 3104 439 3138 ,‚
455 3104 477 3138 ‚‚
510 3047 654 3137 Condis
682 3073 837 3144 namque
864 3049 1012 3145 lirpetba
1032 3046 1128 3146 apud
1148 3046 1180 3123 le
1197 3048 1427 3142 cogitatione

360 3151 586 3224 tumentibus
606 3149 693 3224 inest
711 3146 847 3223 clamor
865 3152 899 3224 in
924 3151 1131 3224 locutione.
1155 3145 1356 3224 amaritudo
1382 3149 1426 3227 iu

361 3249 525 3332 filentio‚
548 3246 729 3329 dissolutio
750 3252 784 3321 in
810 3248 1001 3324 hilaritate.
1018 3251 1117 3325 luror
1134 3250 1171 3329 in
1189 3249 1344 3330 trillitia,
1368 3248 1425 3320 in·

360 3347 528 3435 honestas
553 3351 589 3422 in
613 3349 773 3433 afflone,
797 3349 960 3421 honestas
982 3349 1016 3422 in
1044 3351 1216 3443 imagine,
1236 3345 1366 3422 aredio
1384 3348 1429 3431 in

361 3445 496 3523 incellu
517 3498 528 3529 ‚
549 3470 676 3522 rancor
704 3450 745 3533 in⁴
770 3446 1006 3545 responsione·
1041 3447 1189 3533 lloruar
1209 3470 1308 3523 mens
1333 3445 1430 3522 sema

358 3573 424 3644 per
449 3549 501 3622 est
526 3546 571 3620 ad
596 3547 800 3641 irrogandas
827 3548 1061 3631 contumelias
1083 3547 1235 3631 ualida,
1258 3547 1301 3620 ad
1332 3545 1429 3621 tolet

357 3648 487 3725 randas
515 3647 679 3730 infirma,
705 3646 749 3727 ad
778 3645 1020 3724 obediendum
1051 3651 1171 3743 pigra,
1192 3646 1235 3720 ad
1257 3642 1425 3723 lacellem

359 3748 426 3826 dos
450 3749 541 3840 alios
568 3751 801 3842 importuna,
820 3746 864 3822 ad
891 3770 956 3832 ea,
989 3772 1068 3839 quae
1089 3750 1201 3822 lacere
1228 3747 1263 3819 ἃ
1293 3745 1399 3820 debet
1414 3798 1435 3836 2,

362 3850 399 3924 a
425 3845 624 3942 praeolat,
647 3848 799 3940 ignaua3
826 3846 876 3921 ad
892 3870 934 3920 ea
955 3866 1100 3932 aurem,
1118 3869 1204 3944 quaa
1218 3847 1331 3922 lacere
1356 3866 1430 3925 neo

367 3946 501 4023 debet,
534 3969 603 4022 nec
635 3947 802 4042 praevalet
816 3995 835 4033 ,,Ι
851 3960 979 4042 parata.
1022 3945 1112 4033 Haeo
1142 3952 1177 4020 in
1219 3969 1289 4029 eo,
1321 3942 1432 4039 quod

367 4042 490 4139 {ponte
513 4068 591 4129 non
614 4048 774 4140 appetit,
800 4046 895 4122 nulla
909 4044 1161 4124 exhortatione
1185 4043 1359 4135 deditum
1379 4043 1432 4119 adi

365 4142 443 4223 hoc
465 4164 605 4229 autem,
626 4145 730 4241 quod
750 4147 896 4222 latenter
913 4146 1105 4232 desiderat,
1128 4149 1277 4244 qrraerit,
1300 4162 1338 4218 ut
1361 4167 1434 4220 con

362 4262 497 4343 gatur3
522 4249 604 4343 quia
631 4248 719 4323 dum
738 4250 867 4324 metuit
886 4268 931 4321 ex
964 4246 1135 4322 desiderio
1155 4246 1219 4321 luo
1242 4242 1434 4340 silescere„

359 4362 470 4466 optat
498 4349 572 4439 rim
599 4349 638 4441 in
661 4347 735 4449 iola
761 4347 819 4430 [ua
846 4347 1031 4428 voluntate
1067 4347 1217 4451 tolerare
1245 4399 1313 4439 „a

855 4610 953 4754 ,Μ
1077 4711 1084 4728 ·
1276 4637 1401 4732 Q.
