3800 5417
520 575 604 672 nn
676 515 1001 671 'aneorum
1017 553 1224 650 amora:
1239 555 1336 652 m.
1350 545 1432 653 nr.
1598 583 1606 622 ·.

519 756 593 808 een
614 726 730 811 radam
754 726 906 803 exhibere
932 726 1080 822 cirillae,
1101 728 1334 828 Quamquam
1353 737 1451 813 enim
1473 731 1577 817 Fide·

402 825 406 830 ’
522 833 573 909 les
596 835 780 930 coniugati
802 835 955 928 virgines
977 854 1053 908 non
1077 831 1145 907 fint
1166 854 1346 929 corpore,
1370 837 1406 911 lit
1425 839 1578 934 spiritu.

524 931 614 1011 licut
643 931 821 1018 Ecclesia.
850 929 955 1007 unus
989 949 1138 1017 tamen.
1166 931 1204 1006 dc
1240 933 1323 1008 calli
1351 932 1420 1013 elle
1443 938 1580 1018 deberit

521 1034 764 1149 conponenda
789 1033 909 1148 spiritu
929 1085 940 1117 .
964 1030 1123 1146 alioquin
1162 1053 1288 1107 eorum
1312 1043 1447 1112 animas
1472 1036 1579 1116 Curi.

321 1235 391 1312 un·
410 1251 437 1298 ¹·
452 1246 483 1332 ⁴1
521 1133 595 1317 bllll
612 1127 1578 1332 bllreblbbitrbrlhlltsllrllbublbrrllblugeislb'blibsrlllartebllfflt

519 1332 662 1412 levoltat
684 1355 827 1403 animant
851 1355 913 1401 non
937 1325 1101 1411 intrabit,
1122 1352 1222 1427 arque
1256 1332 1420 1408 habitabat
1441 1342 1479 1408 iar
1504 1361 1578 1409 cor·

395 1517 402 1534 ,
513 1451 595 1529 pore
616 1428 742 1512 [abditu
762 1434 912 1522 peccatis.

521 1527 1602 1731 mistustluulstssrurrlassatus‘

314 1687 566 1850 sslffiffljde
589 1734 778 1842 reiensi.
806 1732 867 1813 lib.
888 1734 1176 1813 Del’udicitia,c
1204 1747 1237 1827 ς,
1261 1786 1317 1825 „„
1342 1731 1574 1830 laquem.

316 1845 462 1912 mirim-
520 1831 599 1910 cbia
621 1829 734 1909 affinis
757 1834 966 1910 idololatria
984 1829 1110 1917 (Nam
1123 1830 1381 1928 &idololatriae
1402 1837 1570 1920 moachrd

317 1933 398 2005 Μ
519 1935 670 2010 nornine
686 1934 745 2008 2&
762 1933 1009 2010 fornicationis
1023 1933 1121 2028 lTaepe
1143 1932 1284 2030 populo
1302 1937 1570 2026 exprobratur)

518 2037 626 2110 etiam
653 2032 747 2109 sorte
775 2032 1016 2129 conjungetur
1038 2030 1118 2112 illl,
1147 2029 1236 2108 ficut
1269 2032 1308 2108 dc
1337 2035 1447 2125 feriet
1463 2037 1571 2116 etiam

517 2134 750 2208 damnatione
783 2130 979 2209 cohaerebit
998 2128 1074 2217 illi,
1097 2128 1185 2207 ficut
1209 2132 1245 2205 ἃ
1270 2130 1536 2227 sumboone..
1555 2181 1568 2214 ι

517 2227 578 2311 uu
601 2231 638 2308 δι
657 2231 740 2309 mali
767 2231 919 2325 dignitas
936 2230 1062 2328 ‚quod
1083 2231 1293 2315 insomnio,
1307 2245 1370 2308 aut
1387 2235 1425 2310 in
1446 2234 1569 2312 medio

507 2328 748 2430 ‚pellimorum
768 2332 981 2410 collocatur.
1007 2327 1180 2423 Pompam
1205 2331 1431 2427 quamdam,
1457 2353 1566 2434 atque

497 2419 719 2536 'luggestum
740 2433 869 2531 aspicio
890 2428 1078 2515 moechiae.
1100 2427 1185 2506 hinc
1209 2429 1381 2509 ducatum
1411 2431 1567 2512 idolola-

513 2537 591 2609 triae
610 2531 851 2608 antecedentis
872 2580 883 2614 ,
905 2532 990 2606 hinc
1022 2530 1239 2607 domitatum
1272 2529 1456 2608 homicidii
1479 2535 1566 2610 inse-

512 2638 667 2722 ouantis.
694 2630 788 2709 lnter
808 2633 899 2707 duos
921 2631 1038 2726 apices
1061 2627 1565 2712 facinorurneminentrllrmos

511 2732 706 2807 sinednbio
729 2735 837 2827 digna
863 2731 1043 2806 consedit.
1063 2728 1101 2802 &
1131 2751 1192 2825 per
1220 2728 1377 2806 medium
1404 2755 1559 2822 corum.

510 2830 608 2925 quau
623 2843 807 2908 vacantem
828 2832 948 2906 locum
967 2831 1038 2925 pari
1058 2829 1214 2903 criminis
1229 2828 1435 2908 auctoritate
1453 2855 1558 2910 com·

509 2930 678 3025 plevi...
708 2928 785 3027 Ego
806 2932 950 3029 quidem
976 2926 1175 3004 idololatria
1196 2926 1372 3025 laepillrme
1393 2932 1562 3018 moechiae

509 3029 735 3105 occaflonem
759 3031 993 3111 subministro.
1036 3025 1161 3102 Sciunt
1187 3027 1257 3105 luci
1289 3032 1357 3105 mei
1381 3084 1392 3118 ‚
1425 3031 1461 3107 u
1490 3031 1561 3111 mei

505 3123 674 3214 'montem
703 3129 739 3202 dc
776 3134 862 3204 vivae
886 3124 1163 3224 aquae,iplaque
1179 3130 1216 3203 in
1239 3129 1383 3205 urbibus
1400 3131 1558 3228 templa,

507 3242 684 3324 quantum
704 3228 901 3302 evertenda
921 3227 1098 3320 pudicitia
1112 3249 1355 3319 procuremus.
1373 3225 1453 3326 Ego
1465 3254 1559 3330 quo·

507 3348 580 3422 que
604 3324 840 3401 homicidium
868 3348 1130 3422 nonnunquam
1155 3327 1492 3413 nsoechiaeeltboru.
1508 3329 1558 3410 Ut

509 3427 683 3522 tragedias
699 3431 865 3501 omittam
876 3475 886 3508 ,
897 3425 1009 3500 sciunt
1021 3423 1129 3501 hodie
1145 3431 1321 3503 venenarii
1334 3475 1343 3503 ,
1354 3427 1468 3508 sciunt
1483 3454 1558 3508 ma-

508 3528 680 3624 girquot
704 3526 886 3617 pellicatus
910 3523 1075 3611 ulciscar,
1099 3543 1192 3621 quot
1220 3527 1405 3605 rivalitates
1434 3530 1556 3608 delen·

504 3625 721 3722 siam.quot
737 3626 1028 3720 cristodenqmt
1052 3624 1245 3709 delatores,
1273 3648 1365 3726 quot
1389 3628 1555 3708 conscios

508 3723 674 3800 tuleram.
699 3727 824 3804 Sciunt
836 3731 940 3802 etiam
953 3726 1156 3801 obstetrices
1172 3768 1182 3798 ‚
1199 3743 1290 3821 quot
1301 3727 1451 3806 adulteri
1463 3752 1555 3806 con·-

507 3838 636 3920 oeptus
657 3827 887 3906 trucidentur.
919 3821 1030 3901 Etiam
1043 3826 1138 3919 apud
1163 3822 1379 3903 Christianos
1400 3851 1478 3906 non
1503 3827 1554 3908 est

507 3923 667 4000 uroechia
702 3924 773 4001 line
798 3926 901 4001 nobis
922 3943 934 4013 ;
957 3924 1087 3998 ibidem
1118 3924 1196 4001 lunt
1228 3925 1438 4006 idololatrias
1459 3981 1472 4015 ‚
1491 3929 1551 4007 ubl

506 4024 684 4099 immundi
709 4025 843 4119 spiritus
862 4046 915 4098 res
928 4024 976 4097 est
991 4044 1002 4104 ς
1015 4024 1145 4098 ibidem
1164 4023 1213 4100 est
1228 4026 1264 4099 dr
1286 4024 1547 4116 homicidium.

505 4124 568 4199 ubl
582 4120 717 4208 homo,
735 4146 819 4199 cum
831 4124 1056 4219 inquinatur,
1072 4123 1283 4217 occiditur„
1296 4170 1332 4216 „·
1352 4124 1472 4228 Magis
1484 4130 1550 4208 cri·

473 4255 475 4260 ·
502 4222 682 4299 minoium
704 4222 891 4310 moechum
912 4244 958 4297 eo
975 4272 985 4298 ‚
1000 4224 1060 4316 qui
1077 4236 1197 4309 metu,
1211 4240 1273 4300 aut
1292 4228 1326 4298 ri
1344 4242 1549 4306 tormento·

499 4338 583 4395 rum
600 4323 636 4397 in
658 4320 893 4398 idololatriam
914 4318 1024 4415 lapsus
1039 4319 1109 4398 ests
1122 4322 1310 4400 contendit
1319 4323 1414 4402 idem
1423 4327 1547 4407 aanor

498 4440 534 4497 c.
555 4435 612 4508 23.
642 4476 665 4513 „
679 4476 701 4512 ‚‚
725 4419 848 4498 Nemo
875 4421 999 4495 volens
1020 4426 1032 4508 l
1045 4414 1182 4515 inquo)
1207 4445 1336 4516 negare
1359 4427 1546 4524 compelli·

495 4528 702 4606 tur'snemo
723 4519 1071 4626 nolansfornicator·
1096 4516 1205 4600 Nulla
1227 4525 1271 4601 ad
1289 4522 1545 4705 libidinosam
