3800 5417
504 617 595 702 *zur
687 581 843 680 Theoi.
862 585 979 698 Dog.
1003 570 1220 688 &illumi
1242 573 1337 668 Lib.
1351 571 1436 666 lii.

507 758 651 848 stende,
670 760 708 837 ir
730 755 871 836 vitanda
898 777 976 836 uno
993 755 1029 830 in
1053 754 1140 830 loco
1162 745 1342 848 posuerit.
1368 745 1418 824 de
1439 745 1571 842 quibue

509 859 819 938 innumerabilium
838 860 1020 936 vitiorum¹
1036 852 1194 952 exsurgit
1219 849 1338 946 seges.
1355 869 1475 924 unum
1504 843 1567 926 ho·

509 983 614 1044 rum,
637 958 740 1057 quod
770 955 928 1034 secundo
962 953 1048 1031 loco
1074 951 1219 1050 posuit.
1241 948 1413 1026 acerrime
1439 949 1478 1024 in
1503 945 1570 1024 Ec·

510 1057 612 1137 elesra
638 1058 839 1136 vindicatur
862 1081 874 1150 3
899 1054 975 1132 duo
997 1067 1116 1131 autern
1142 1047 1304 1145 reliqua.
1334 1044 1371 1122 id
1392 1045 1474 1134 est,
1500 1049 1567 1146 pri·

513 1181 616 1236 mum
632 1207 643 1242 ‚
664 1159 700 1234 ἃ
724 1157 910 1241 ultimum.
928 1154 1122 1231 tolerabilia
1149 1150 1314 1227 ridentur
1332 1145 1563 1228 hominibus.

1298 1269 1567 1434 .

519 1453 638 1544 nibus,
663 1461 707 1530 eb*
723 1453 961 1540 ebrietatibus,
982 1474 1044 1524 non
1064 1455 1099 1524 r'rt
1124 1443 1305 1532 eebisibrer,
1323 1453 1368 1520 θ’
1390 1447 1565 1540 inpediri·

519 1560 601 1644 tiis,
620 1579 682 1627 non
704 1557 740 1625 in
760 1557 965 1629 contentione
984 1595 996 1637 ‚
1013 1553 1056 1624 cb*
1076 1550 1235 1636 eolo,1eu
1255 1551 1387 1620 induite
1405 1569 1470 1618 voe
1495 1547 1566 1628 Du·

518 1659 643 1730 minum
665 1655 786 1748 θείω
811 1651 999 1735 Christum.
1023 1655 1066 1724 θ
1091 1649 1199 1722 earnis
1221 1671 1332 1718 eurem
1351 1689 1364 1727 ,
1384 1667 1425 1716 rte
1444 1642 1565 1736 seceri-

518 1759 567 1827 eis
586 1758 622 1825 r‘n
651 1753 928 1849 concupiscentiis.
971 1751 1114 1862 quum
1138 1771 1227 1846 ergo
1252 1751 1362 1834 trium
1382 1795 1392 1824 2
1413 1747 1564 1834 cubilia.

518 1854 750 1953 impudicitiae
778 1872 852 1934 tarn
877 1875 1049 1954 magnum
1076 1853 1210 1932 crimen
1234 1845 1431 1950 putantur.
1453 1861 1568 1924 utne-

516 1979 583 2032 mo
611 1955 741 2054 dignus
762 1981 839 2033 uon
859 1959 974 2031 morlo
995 1950 1246 2036 ecclesiastico.
1266 1949 1466 2024 ministerio
1482 1999 1494 2034 ,
1510 1943 1565 2024 sed

516 2055 588 2154 ipsa
614 2061 720 2132 etiarn
750 2055 1062 2133 Sacramentorum
1090 2052 1352 2130 communione
1382 2047 1566 2130 vidntur.

515 2155 580 2249 qui
599 2152 632 2228 se
644 2155 710 2230 illo
728 2169 880 2251 peccato
900 2153 1104 2231 macularit·
1129 2147 1175 2244 Et
1192 2147 1283 2224 rede
1298 2149 1469 2224 omnino.
1499 2143 1567 2222 sm

513 2273 625 2350 quare
651 2253 793 2331 solumi
812 2250 1096 2332 Comellationee
1117 2253 1237 2335 enim,
1259 2247 1296 2324 δι
1315 2247 1506 2326 ebrietates
1521 2247 1566 2322 ite

513 2349 711 2450 conceliaa.
734 2355 770 2430 ἃ
794 2352 899 2432 licitae
925 2367 1119 2449 putantur.
1140 2366 1180 2430 ut
1203 2341 1443 2426 inhonorem
1463 2347 1567 2422 enam

513 2449 794 2546 beatiffimorum
807 2452 1032 2552 Martyrum,
1054 2474 1129 2527 non
1145 2447 1335 2554 solumlper
1346 2447 1423 2522 dies
1442 2445 1568 2524 solem·

515 2573 580 2628 nee
608 2553 739 2652 (quod
771 2553 883 2650 ipsum
907 2556 987 2648 quis
1016 2573 1091 2626 non
1117 2551 1313 2646 lugendum
1344 2545 1568 2644 rideat,qul

514 2649 594 2729 bac
617 2675 694 2730 nun
719 2657 832 2731 carnis
862 2653 978 2729 oculis
997 2647 1192 2752 inspiciti)
1217 2647 1273 2726 sed
1304 2649 1413 2724 etium
1448 2649 1569 2744 quoti·

515 2749 577 2828 die
601 2753 836 2836 celebrentur.
872 2749 968 2852 Quae
987 2753 1130 2828 foeditas
1157 2753 1182 2824 fi
1205 2764 1341 2825 tantum
1366 2745 1566 2842 llagimu.

517 2851 555 2968 ir
580 2875 656 2927 non
678 2854 784 2928 etiam
806 2851 968 2949 sacrilega
992 2851 1098 2929 esset·
1120 2850 1391 2946 quibuscunque
1412 2845 1566 2962 toletan:

321 3069 353 3123 ..
456 3053 485 3116 ..
518 2951 1278 3149 {nrllatinnuerunt..
1294 2945 1568 3142 luerunt

517 3147 627 3227 stolus
644 3195 655 3228 ,
672 3153 764 3228 inter
791 3173 870 3248 quae
899 3150 1018 3246 posuit
1042 3148 1221 3231 ebriosos.
1237 3151 1283 3224 ita
1306 3143 1510 3227 conclufitr
1528 3157 1567 3222 ut

516 3249 769 3329 diceret2cum
790 3250 917 3326 talibus
930 3273 997 3327 nec
1020 3272 1149 3347 panem
1172 3247 1305 3330 edere?
1319 3243 1389 3323 Sed
1412 3243 1567 3322 feramur

515 3345 596 3434 lucc
620 3349 658 3422 in
681 3348 793 3432 luxu.
819 3349 855 3424 8ι
881 3349 960 3426 labe
982 3349 1174 3438 domestico
1191 3345 1258 3432 ,ἃ
1281 3367 1410 3426 eorum
1440 3345 1568 3422 convi-

515 3448 689 3525 riorum,
713 3469 795 3545 quae
818 3450 961 3544 privatis
986 3450 1174 3538 parietibus
1198 3449 1456 3524 continentur.
1475 3445 1565 3524 roci·

515 3545 724 3646 piamosque
743 3569 827 3626 cum
847 3552 895 3624 eie
917 3547 1061 3646 Corpus
1080 3547 1228 3634 Christi.
1248 3569 1331 3625 cum
1350 3543 1484 3640 quibue
1505 3565 1566 3640 po·

514 3669 602 3751 nem
625 3647 730 3723 edere
751 3645 1008 3748 probibemur3
1030 3646 1148 3736 saltem
1175 3648 1220 3723 de
1244 3645 1447 3730 saniorum
1473 3639 1566 3722 Cor-

513 3767 648 3843 porum
662 3745 848 3843 sepulcrie,
864 3748 982 3827 saltem
1004 3749 1048 3824 de
1058 3748 1145 3826 locis
1165 3747 1501 3826 sacramentorum,
1519 3741 1566 3820 de

512 3843 683 3952 domibus
701 3851 905 3925 orationum
931 3864 1069 3925 tantum
1092 3847 1246 3928 dedecus
1267 3863 1437 3924 arceatur.
1468 3839 1566 3936 Qui·

510 3947 609 4020 enim
638 3945 743 4022 audet
772 3963 888 4024 retare
910 3950 1073 4046 privatim
1090 4002 1100 4033 .
1119 3948 1219 4044 quod
1248 3967 1335 4028 cum
1358 3943 1567 4040 frequente·

510 4055 571 4122 tur
584 4041 750 4150 infertilis
766 4044 875 4132 locis,
893 4047 1015 4122 bonor
1032 4048 1230 4148 Martyrum
1249 4048 1457 4124 nominatur
1474 4095 1497 4134 „
1509 4041 1565 4134 „i

508 4143 560 4216 Er
580 4144 682 4232 infre.
703 4199 726 4234 ‚,
742 4199 764 4235 „
790 4143 878 4222 Non
895 4169 986 4244 ergo
1009 4147 1151 4243 aspere.
1174 4161 1347 4245 quantum
1373 4142 1566 4228 existimo.

507 4263 587 4330 ooo
614 4245 770 4319 duriter.
793 4267 868 4320 non
895 4245 1010 4322 modo
1042 4247 1233 4340 imperioso
1268 4245 1326 4321 ilia
1358 4243 1565 4334 tolluntura

506 4345 621 4435 magis
645 4342 836 4429 docendo,
865 4367 974 4438 quarn
998 4347 1184 4438 jubendo.
1210 4348 1322 4442 magia
1349 4341 1564 4430 monendo.

506 4459 616 4536 quarn
645 4443 830 4518 minando.
857 4441 917 4520 Sic
936 4449 1029 4520 enim
1052 4447 1232 4544 agendum
1258 4445 1307 4522 est
1336 4467 1422 4520 cum
1443 4439 1566 4520 multi·

501 4541 652 4638 tudine.
677 4541 967 4628 lacrimantem
982 4546 1181 4628 exercenda
1195 4545 1242 4623 eli
1259 4551 1293 4640 iu
1310 4563 1457 4643 peccota
1474 4561 1563 4640 pau·

638 4687 641 4692 ¹
1359 4667 1510 4726 corum.

1328 4911 1354 4974 ἱ
