<?xml version="1.0" encoding="UTF-8"?>
<!DOCTYPE html PUBLIC "-//W3C//DTD XHTML 1.0 Transitional//EN"
    "http://www.w3.org/TR/xhtml1/DTD/xhtml1-transitional.dtd">
<html xmlns="http://www.w3.org/1999/xhtml" xml:lang="en" lang="en">
 <head>
  <title>
</title>
<meta http-equiv="Content-Type" content="text/html;charset=utf-8" />
  <meta name='ocr-system' content='tesseract 3.04.00' />
  <meta name='ocr-capabilities' content='ocr_page ocr_carea ocr_par ocr_line ocrx_word'/>
</head>
<body>
  <div class='ocr_page' id='page_1' title='image "./theologiadogmat00alexgoog_0199.png"; bbox 0 0 3800 5417; ppageno 0'>
   <div class='ocr_carea' id='block_1_1' title="bbox 411 594 1399 712">
    <p class='ocr_par' dir='ltr' id='par_1_1' title="bbox 411 594 1399 712">
     <span class='ocr_line' id='line_1_1' title="bbox 411 594 1399 712; baseline 0.006 -21"><span class='ocrx_word' id='word_1_1' title='bbox 411 626 413 631; x_wconf 90' lang='lat'>·</span> <span class='ocrx_word' id='word_1_2' title='bbox 560 596 631 692; x_wconf 89' lang='lat' dir='ltr'>De</span> <span class='ocrx_word' id='word_1_3' title='bbox 658 598 844 694; x_wconf 79' lang='lat' dir='ltr'>Peccatis</span> <span class='ocrx_word' id='word_1_4' title='bbox 867 595 1127 712; x_wconf 68' lang='lat' dir='ltr'>capitalibus</span> <span class='ocrx_word' id='word_1_5' title='bbox 1289 594 1399 704; x_wconf 62' lang='lat'>‘19³&#39;</span> 
     </span>
    </p>
   </div>
   <div class='ocr_carea' id='block_1_2' title="bbox 299 755 1649 4768">
    <p class='ocr_par' dir='ltr' id='par_1_2' title="bbox 326 755 1388 1270">
     <span class='ocr_line' id='line_1_2' title="bbox 332 755 1388 875; baseline 0.002 -22"><span class='ocrx_word' id='word_1_6' title='bbox 332 760 432 861; x_wconf 76' lang='lat' dir='ltr'>lebes</span> <span class='ocrx_word' id='word_1_7' title='bbox 452 768 662 852; x_wconf 85' lang='lat' dir='ltr'>Sacerdotes</span> <span class='ocrx_word' id='word_1_8' title='bbox 696 755 886 853; x_wconf 77' lang='lat' dir='ltr'>&amp;lernae</span> <span class='ocrx_word' id='word_1_9' title='bbox 900 832 909 859; x_wconf 88' lang='lat'>‚</span> <span class='ocrx_word' id='word_1_10' title='bbox 924 769 1299 875; x_wconf 84' lang='lat' dir='ltr'>quibusportioDeos</span> <span class='ocrx_word' id='word_1_11' title='bbox 1313 775 1388 866; x_wconf 82' lang='lat' dir='ltr'>est.</span> 
     </span>
     <span class='ocr_line' id='line_1_3' title="bbox 331 869 1386 991; baseline -0.004 -36"><span class='ocrx_word' id='word_1_12' title='bbox 331 871 496 991; x_wconf 31' lang='lat' dir='ltr'>btssiilaoi</span> <span class='ocrx_word' id='word_1_13' title='bbox 523 869 628 952; x_wconf 80' lang='lat' dir='ltr'>eliam</span> <span class='ocrx_word' id='word_1_14' title='bbox 655 873 718 971; x_wconf 83' lang='lat' dir='ltr'>ipfi</span> <span class='ocrx_word' id='word_1_15' title='bbox 739 890 907 971; x_wconf 82' lang='lat' dir='ltr'>appetunt</span> <span class='ocrx_word' id='word_1_16' title='bbox 930 874 947 951; x_wconf 84' lang='lat' dir='ltr'>i</span> <span class='ocrx_word' id='word_1_17' title='bbox 975 874 1021 953; x_wconf 83' lang='lat' dir='ltr'>iit</span> <span class='ocrx_word' id='word_1_18' title='bbox 1044 898 1097 952; x_wconf 84' lang='lat' dir='ltr'>vae</span> <span class='ocrx_word' id='word_1_19' title='bbox 1125 877 1214 953; x_wconf 82' lang='lat' dir='ltr'>mihi</span> <span class='ocrx_word' id='word_1_20' title='bbox 1236 876 1386 965; x_wconf 83' lang='lat' dir='ltr'>misero,</span> 
     </span>
     <span class='ocr_line' id='line_1_4' title="bbox 330 971 1387 1077; baseline 0.001 -25"><span class='ocrx_word' id='word_1_21' title='bbox 330 977 416 1077; x_wconf 75' lang='lat' dir='ltr'>quia</span> <span class='ocrx_word' id='word_1_22' title='bbox 436 996 504 1051; x_wconf 89' lang='lat' dir='ltr'>nec</span> <span class='ocrx_word' id='word_1_23' title='bbox 524 971 595 1050; x_wconf 85' lang='lat' dir='ltr'>fine</span> <span class='ocrx_word' id='word_1_24' title='bbox 616 974 743 1052; x_wconf 87' lang='lat' dir='ltr'>mundi</span> <span class='ocrx_word' id='word_1_25' title='bbox 764 996 1029 1073; x_wconf 79' lang='lat' dir='ltr'>provocamur,</span> <span class='ocrx_word' id='word_1_26' title='bbox 1053 990 1094 1054; x_wconf 91' lang='lat' dir='ltr'>ut</span> <span class='ocrx_word' id='word_1_27' title='bbox 1119 990 1192 1050; x_wconf 92' lang='lat' dir='ltr'>tam</span> <span class='ocrx_word' id='word_1_28' title='bbox 1219 982 1316 1071; x_wconf 81' lang='lat' dir='ltr'>grati</span> <span class='ocrx_word' id='word_1_29' title='bbox 1327 976 1387 1067; x_wconf 79' lang='lat' dir='ltr'>lu·</span> 
     </span>
     <span class='ocr_line' id='line_1_5' title="bbox 328 1072 1384 1173; baseline -0.001 -21"><span class='ocrx_word' id='word_1_30' title='bbox 328 1078 383 1173; x_wconf 82' lang='lat' dir='ltr'>&#39;go</span> <span class='ocrx_word' id='word_1_31' title='bbox 404 1072 580 1161; x_wconf 78' lang='lat' dir='ltr'>&#39;seivitutis</span> <span class='ocrx_word' id='word_1_32' title='bbox 599 1073 736 1151; x_wconf 86' lang='lat' dir='ltr'>liberati</span> <span class='ocrx_word' id='word_1_33' title='bbox 756 1074 927 1162; x_wconf 70' lang='lat' dir='ltr'>velimusa</span> <span class='ocrx_word' id='word_1_34' title='bbox 946 1073 1050 1169; x_wconf 90' lang='lat' dir='ltr'>quod</span> <span class='ocrx_word' id='word_1_35' title='bbox 1074 1074 1250 1170; x_wconf 74' lang='lat' dir='ltr'>demergit</span> <span class='ocrx_word' id='word_1_36' title='bbox 1272 1074 1384 1171; x_wconf 85' lang='lat' dir='ltr'>usque</span> 
     </span>
     <span class='ocr_line' id='line_1_6' title="bbox 326 1165 1383 1270; baseline -0.004 -15"><span class='ocrx_word' id='word_1_37' title='bbox 326 1174 374 1255; x_wconf 85' lang='lat' dir='ltr'>ad</span> <span class='ocrx_word' id='word_1_38' title='bbox 394 1165 617 1270; x_wconf 85' lang='lat' dir='ltr'>profundum</span> <span class='ocrx_word' id='word_1_39' title='bbox 638 1174 788 1261; x_wconf 86' lang='lat' dir='ltr'>loserni,</span> <span class='ocrx_word' id='word_1_40' title='bbox 810 1188 851 1252; x_wconf 92' lang='lat' dir='ltr'>ut</span> <span class='ocrx_word' id='word_1_41' title='bbox 874 1172 1043 1251; x_wconf 84' lang='lat' dir='ltr'>faciamus</span> <span class='ocrx_word' id='word_1_42' title='bbox 1063 1176 1167 1251; x_wconf 86' lang='lat' dir='ltr'>nobis</span> <span class='ocrx_word' id='word_1_43' title='bbox 1185 1175 1319 1251; x_wconf 90' lang='lat' dir='ltr'>amicos</span> <span class='ocrx_word' id='word_1_44' title='bbox 1334 1175 1383 1251; x_wconf 83' lang='lat' dir='ltr'>de</span> 
     </span>
    </p>

    <p class='ocr_par' dir='ltr' id='par_1_3' title="bbox 312 1274 1501 1668">
     <span class='ocr_line' id='line_1_7' title="bbox 312 1274 1383 1375; baseline -0.001 -22"><span class='ocrx_word' id='word_1_45' title='bbox 312 1274 538 1375; x_wconf 42' lang='lat' dir='ltr'>,biammona</span> <span class='ocrx_word' id='word_1_46' title='bbox 559 1279 606 1350; x_wconf 85' lang='lat' dir='ltr'>ini</span> <span class='ocrx_word' id='word_1_47' title='bbox 636 1277 774 1352; x_wconf 84' lang='lat' dir='ltr'>uitatis-</span> <span class='ocrx_word' id='word_1_48' title='bbox 800 1275 862 1369; x_wconf 91' lang='lat' dir='ltr'>qui</span> <span class='ocrx_word' id='word_1_49' title='bbox 895 1298 964 1349; x_wconf 83' lang='lat' dir='ltr'>nos</span> <span class='ocrx_word' id='word_1_50' title='bbox 999 1276 1168 1369; x_wconf 83' lang='lat' dir='ltr'>recipiant</span> <span class='ocrx_word' id='word_1_51' title='bbox 1191 1274 1227 1349; x_wconf 93' lang='lat' dir='ltr'>in</span> <span class='ocrx_word' id='word_1_52' title='bbox 1252 1290 1383 1352; x_wconf 86' lang='lat' dir='ltr'>aeterna</span> 
     </span>
     <span class='ocr_line' id='line_1_8' title="bbox 326 1297 1501 1473; baseline -0.004 -18"><span class='ocrx_word' id='word_1_53' title='bbox 326 1366 553 1455; x_wconf 72' lang='lat' dir='ltr'>labmnacub</span> <span class='ocrx_word' id='word_1_54' title='bbox 594 1297 659 1473; x_wconf 57' lang='grc' dir='ltr'>ὥς</span> <span class='ocrx_word' id='word_1_55' title='bbox 678 1376 799 1471; x_wconf 80' lang='lat' dir='ltr'>itaque</span> <span class='ocrx_word' id='word_1_56' title='bbox 819 1370 996 1471; x_wconf 80' lang='lat' dir='ltr'>praemiffis</span> <span class='ocrx_word' id='word_1_57' title='bbox 1010 1427 1020 1459; x_wconf 80' lang='grc'>,</span> <span class='ocrx_word' id='word_1_58' title='bbox 1035 1386 1183 1468; x_wconf 79' lang='lat' dir='ltr'>oportet</span> <span class='ocrx_word' id='word_1_59' title='bbox 1207 1370 1384 1451; x_wconf 86' lang='lat' dir='ltr'>Sacerdo·</span> <span class='ocrx_word' id='word_1_60' title='bbox 1489 1447 1501 1461; x_wconf 87' lang='grc'><em>,</em></span> 
     </span>
     <span class='ocr_line' id='line_1_9' title="bbox 326 1468 1384 1572; baseline -0.002 -19"><span class='ocrx_word' id='word_1_61' title='bbox 326 1468 383 1553; x_wconf 72' lang='lat' dir='ltr'>les</span> <span class='ocrx_word' id='word_1_62' title='bbox 398 1470 577 1561; x_wconf 92' lang='lat' dir='ltr'>Domini,</span> <span class='ocrx_word' id='word_1_63' title='bbox 593 1488 634 1551; x_wconf 91' lang='lat' dir='ltr'>ut</span> <span class='ocrx_word' id='word_1_64' title='bbox 649 1476 693 1549; x_wconf 92' lang='lat' dir='ltr'>ab</span> <span class='ocrx_word' id='word_1_65' title='bbox 703 1478 865 1572; x_wconf 86' lang='lat' dir='ltr'>appetitu</span> <span class='ocrx_word' id='word_1_66' title='bbox 878 1478 1050 1551; x_wconf 71' lang='lat' dir='ltr'>avaritiae,</span> <span class='ocrx_word' id='word_1_67' title='bbox 1065 1474 1103 1548; x_wconf 86' lang='lat' dir='ltr'>dt</span> <span class='ocrx_word' id='word_1_68' title='bbox 1127 1472 1327 1568; x_wconf 77' lang='lat' dir='ltr'>cupiditatis</span> <span class='ocrx_word' id='word_1_69' title='bbox 1347 1471 1384 1551; x_wconf 79' lang='lat' dir='ltr'>se</span> 
     </span>
     <span class='ocr_line' id='line_1_10' title="bbox 313 1566 1384 1668; baseline -0.002 -15"><span class='ocrx_word' id='word_1_70' title='bbox 313 1566 566 1653; x_wconf 63' lang='lat' dir='ltr'>&#39;cohibentem</span> <span class='ocrx_word' id='word_1_71' title='bbox 590 1571 651 1650; x_wconf 87' lang='lat' dir='ltr'>fibi</span> <span class='ocrx_word' id='word_1_72' title='bbox 674 1573 833 1666; x_wconf 72' lang='lat' dir='ltr'>subjectis</span> <span class='ocrx_word' id='word_1_73' title='bbox 853 1575 888 1648; x_wconf 90' lang='lat' dir='ltr'>in</span> <span class='ocrx_word' id='word_1_74' title='bbox 917 1575 1085 1651; x_wconf 86' lang='lat' dir='ltr'>omnium</span> <span class='ocrx_word' id='word_1_75' title='bbox 1109 1574 1282 1650; x_wconf 81' lang='lat' dir='ltr'>virtutum</span> <span class='ocrx_word' id='word_1_76' title='bbox 1297 1595 1384 1668; x_wconf 87' lang='lat' dir='ltr'>pro·</span> 
     </span>
    </p>

    <p class='ocr_par' dir='ltr' id='par_1_4' title="bbox 299 1663 1555 1966">
     <span class='ocr_line' id='line_1_11' title="bbox 299 1663 1441 1770; baseline 0 -19"><span class='ocrx_word' id='word_1_77' title='bbox 299 1758 302 1763; x_wconf 64' lang='grc'>,</span> <span class='ocrx_word' id='word_1_78' title='bbox 324 1663 475 1767; x_wconf 76' lang='lat' dir='ltr'>sedibus</span> <span class='ocrx_word' id='word_1_79' title='bbox 503 1672 687 1752; x_wconf 79' lang='lat' dir='ltr'>imitabiles</span> <span class='ocrx_word' id='word_1_80' title='bbox 709 1675 929 1755; x_wconf 80' lang='lat' dir='ltr'>exhibeant,</span> <span class='ocrx_word' id='word_1_81' title='bbox 961 1676 1090 1770; x_wconf 85' lang='lat' dir='ltr'>quibus</span> <span class='ocrx_word' id='word_1_82' title='bbox 1116 1692 1185 1769; x_wconf 89' lang='lat' dir='ltr'>pro</span> <span class='ocrx_word' id='word_1_83' title='bbox 1212 1674 1382 1751; x_wconf 86' lang='lat' dir='ltr'>omnibus</span> <span class='ocrx_word' id='word_1_84' title='bbox 1438 1678 1441 1683; x_wconf 82' lang='grc'>’</span> 
     </span>
     <span class='ocr_line' id='line_1_12' title="bbox 324 1764 1555 1913; baseline 0.001 -62"><span class='ocrx_word' id='word_1_85' title='bbox 324 1770 456 1853; x_wconf 77' lang='lat' dir='ltr'>divitiis</span> <span class='ocrx_word' id='word_1_86' title='bbox 477 1770 569 1853; x_wconf 92' lang='lat' dir='ltr'>solus</span> <span class='ocrx_word' id='word_1_87' title='bbox 588 1771 748 1851; x_wconf 76' lang='lat' dir='ltr'>Christus</span> <span class='ocrx_word' id='word_1_88' title='bbox 771 1771 944 1857; x_wconf 85' lang='lat' dir='ltr'>abundat,</span> <span class='ocrx_word' id='word_1_89' title='bbox 969 1770 1070 1866; x_wconf 77' lang='lat' dir='ltr'>iuxta</span> <span class='ocrx_word' id='word_1_90' title='bbox 1094 1764 1181 1864; x_wconf 81' lang='lat' dir='ltr'>illud</span> <span class='ocrx_word' id='word_1_91' title='bbox 1195 1772 1357 1878; x_wconf 77' lang='lat' dir='ltr'>ilpulluli</span> <span class='ocrx_word' id='word_1_92' title='bbox 1373 1797 1383 1846; x_wconf 84' lang='lat' dir='ltr'>e</span> <span class='ocrx_word' id='word_1_93' title='bbox 1400 1793 1509 1913; x_wconf 45' lang='lat' dir='ltr'>pm·</span> <span class='ocrx_word' id='word_1_94' title='bbox 1523 1832 1555 1889; x_wconf 47' lang='lat'>³.</span> 
     </span>
     <span class='ocr_line' id='line_1_13' title="bbox 323 1862 1554 1966; baseline -0.002 -19"><span class='ocrx_word' id='word_1_95' title='bbox 323 1873 423 1947; x_wconf 70' lang='lat' dir='ltr'>uini</span> <span class='ocrx_word' id='word_1_96' title='bbox 442 1895 562 1947; x_wconf 82' lang='lat' dir='ltr'>vevere</span> <span class='ocrx_word' id='word_1_97' title='bbox 585 1873 733 1951; x_wconf 76' lang='lat' dir='ltr'>ciiiilius</span> <span class='ocrx_word' id='word_1_98' title='bbox 758 1869 802 1952; x_wconf 78' lang='lat' dir='ltr'>eii</span> <span class='ocrx_word' id='word_1_99' title='bbox 819 1873 997 1957; x_wconf 59' lang='lat' dir='ltr'>,veriori</span> <span class='ocrx_word' id='word_1_100' title='bbox 1014 1870 1142 1943; x_wconf 80' lang='lat' dir='ltr'>lucrum</span> <span class='ocrx_word' id='word_1_101' title='bbox 1163 1908 1234 1966; x_wconf 65' lang='lat' dir='ltr'>„s</span> <span class='ocrx_word' id='word_1_102' title='bbox 1496 1870 1507 1900; x_wconf 78' lang='grc'><strong>’</strong></span> <span class='ocrx_word' id='word_1_103' title='bbox 1542 1862 1554 1895; x_wconf 73' lang='lat'>⁸</span> 
     </span>
    </p>

    <p class='ocr_par' dir='ltr' id='par_1_5' title="bbox 323 1958 1649 2169">
     <span class='ocr_line' id='line_1_14' title="bbox 378 1958 1649 2067; baseline 0.006 -22"><span class='ocrx_word' id='word_1_104' title='bbox 378 1974 428 2045; x_wconf 81' lang='lat' dir='ltr'>lit</span> <span class='ocrx_word' id='word_1_105' title='bbox 443 1993 514 2067; x_wconf 80' lang='lat' dir='ltr'>rep.</span> <span class='ocrx_word' id='word_1_106' title='bbox 532 1972 591 2061; x_wconf 79' lang='lat'>2¹5.</span> <span class='ocrx_word' id='word_1_107' title='bbox 609 2028 631 2065; x_wconf 84' lang='lat'>,‚</span> <span class='ocrx_word' id='word_1_108' title='bbox 645 2029 667 2065; x_wconf 83' lang='lat'>„</span> <span class='ocrx_word' id='word_1_109' title='bbox 690 1958 779 2050; x_wconf 79' lang='lat' dir='ltr'>Non</span> <span class='ocrx_word' id='word_1_110' title='bbox 795 1971 909 2049; x_wconf 86' lang='lat' dir='ltr'>soloni</span> <span class='ocrx_word' id='word_1_111' title='bbox 928 1978 1096 2058; x_wconf 61' lang='lat' dir='ltr'>rudiotea</span> <span class='ocrx_word' id='word_1_112' title='bbox 1113 1970 1171 2049; x_wconf 86' lang='lat' dir='ltr'>sed</span> <span class='ocrx_word' id='word_1_113' title='bbox 1189 1974 1294 2051; x_wconf 82' lang='lat' dir='ltr'>etiatu</span> <span class='ocrx_word' id='word_1_114' title='bbox 1309 1972 1387 2051; x_wconf 74' lang='lat' dir='ltr'>eii·</span> <span class='ocrx_word' id='word_1_115' title='bbox 1644 1970 1649 1983; x_wconf 77' lang='grc'>’</span> 
     </span>
     <span class='ocr_line' id='line_1_15' title="bbox 323 2064 1388 2169; baseline -0.005 -14"><span class='ocrx_word' id='word_1_116' title='bbox 323 2066 495 2155; x_wconf 69' lang='lat' dir='ltr'>flentibus</span> <span class='ocrx_word' id='word_1_117' title='bbox 523 2071 620 2153; x_wconf 79' lang='lat' dir='ltr'>sadis</span> <span class='ocrx_word' id='word_1_118' title='bbox 643 2075 907 2169; x_wconf 85' lang='lat' dir='ltr'>comperimus.</span> <span class='ocrx_word' id='word_1_119' title='bbox 929 2064 1173 2169; x_wconf 75' lang='lat' dir='ltr'>quorumddm</span> <span class='ocrx_word' id='word_1_120' title='bbox 1190 2069 1388 2169; x_wconf 75' lang='lat' dir='ltr'>Episcopo-¹</span> 
     </span>
    </p>

    <p class='ocr_par' dir='ltr' id='par_1_6' title="bbox 311 2166 1525 4263">
     <span class='ocr_line' id='line_1_16' title="bbox 311 2166 1388 2272; baseline -0.002 -17"><span class='ocrx_word' id='word_1_121' title='bbox 311 2170 410 2255; x_wconf 76' lang='lat' dir='ltr'>&#39;lum</span> <span class='ocrx_word' id='word_1_122' title='bbox 430 2173 632 2251; x_wconf 75' lang='lat' dir='ltr'>ministros·</span> <span class='ocrx_word' id='word_1_123' title='bbox 658 2179 733 2249; x_wconf 89' lang='lat' dir='ltr'>non</span> <span class='ocrx_word' id='word_1_124' title='bbox 751 2171 865 2249; x_wconf 87' lang='lat' dir='ltr'>solum</span> <span class='ocrx_word' id='word_1_125' title='bbox 894 2174 930 2247; x_wconf 89' lang='lat' dir='ltr'>in</span> <span class='ocrx_word' id='word_1_126' title='bbox 953 2166 1191 2272; x_wconf 59' lang='lat' dir='ltr'>presbyteris„</span> <span class='ocrx_word' id='word_1_127' title='bbox 1207 2171 1388 2254; x_wconf 80' lang='lat' dir='ltr'>sedetiam</span> 
     </span>
     <span class='ocr_line' id='line_1_17' title="bbox 314 2271 1385 2371; baseline 0.002 -21"><span class='ocrx_word' id='word_1_128' title='bbox 314 2274 364 2352; x_wconf 87' lang='lat' dir='ltr'>&#39;ln</span> <span class='ocrx_word' id='word_1_129' title='bbox 388 2272 550 2371; x_wconf 81' lang='lat' dir='ltr'>plebibus</span> <span class='ocrx_word' id='word_1_130' title='bbox 564 2271 742 2368; x_wconf 82' lang='lat' dir='ltr'>parochiae</span> <span class='ocrx_word' id='word_1_131' title='bbox 763 2271 1042 2349; x_wconf 61' lang='lat' dir='ltr'>subministros</span> <span class='ocrx_word' id='word_1_132' title='bbox 1060 2278 1182 2367; x_wconf 85' lang='lat' dir='ltr'>potius</span> <span class='ocrx_word' id='word_1_133' title='bbox 1198 2280 1385 2362; x_wconf 70' lang='lat' dir='ltr'>exercere,</span> 
     </span>
     <span class='ocr_line' id='line_1_18' title="bbox 323 2366 1385 2473; baseline -0.002 -21"><span class='ocrx_word' id='word_1_134' title='bbox 323 2388 437 2473; x_wconf 83' lang='lat' dir='ltr'>quam</span> <span class='ocrx_word' id='word_1_135' title='bbox 462 2372 601 2450; x_wconf 83' lang='lat' dir='ltr'>utilitati</span> <span class='ocrx_word' id='word_1_136' title='bbox 634 2370 871 2449; x_wconf 82' lang='lat' dir='ltr'>ecclesiasticae</span> <span class='ocrx_word' id='word_1_137' title='bbox 892 2366 1085 2466; x_wconf 85' lang='lat' dir='ltr'>Dignitatis</span> <span class='ocrx_word' id='word_1_138' title='bbox 1104 2373 1288 2458; x_wconf 83' lang='lat' dir='ltr'>inservire,</span> <span class='ocrx_word' id='word_1_139' title='bbox 1315 2397 1385 2470; x_wconf 87' lang='lat' dir='ltr'>po-</span> 
     </span>
     <span class='ocr_line' id='line_1_19' title="bbox 323 2458 1384 2572; baseline 0 -21"><span class='ocrx_word' id='word_1_140' title='bbox 323 2472 474 2572; x_wconf 77' lang='lat' dir='ltr'>¹polique</span> <span class='ocrx_word' id='word_1_141' title='bbox 488 2458 586 2548; x_wconf 84' lang='lat' dir='ltr'>saluti</span> <span class='ocrx_word' id='word_1_142' title='bbox 605 2468 799 2549; x_wconf 84' lang='lat' dir='ltr'>consulere·</span> <span class='ocrx_word' id='word_1_143' title='bbox 825 2470 947 2568; x_wconf 77' lang='lat' dir='ltr'>Quam</span> <span class='ocrx_word' id='word_1_144' title='bbox 962 2472 1238 2568; x_wconf 74' lang='lat' dir='ltr'>negligentiam,</span> <span class='ocrx_word' id='word_1_145' title='bbox 1254 2476 1330 2550; x_wconf 91' lang='lat' dir='ltr'>imo</span> <span class='ocrx_word' id='word_1_146' title='bbox 1344 2475 1384 2551; x_wconf 76' lang='lat' dir='ltr'>ds</span> 
     </span>
     <span class='ocr_line' id='line_1_20' title="bbox 323 2566 1384 2665; baseline 0 -16"><span class='ocrx_word' id='word_1_147' title='bbox 323 2566 546 2663; x_wconf 68' lang='lat' dir='ltr'>execrabile,</span> <span class='ocrx_word' id='word_1_148' title='bbox 565 2594 607 2647; x_wconf 89' lang='lat' dir='ltr'>ac</span> <span class='ocrx_word' id='word_1_149' title='bbox 625 2569 824 2648; x_wconf 87' lang='lat' dir='ltr'>damnabile</span> <span class='ocrx_word' id='word_1_150' title='bbox 857 2571 1060 2665; x_wconf 79' lang='lat' dir='ltr'>cupiditatis</span> <span class='ocrx_word' id='word_1_151' title='bbox 1085 2575 1235 2656; x_wconf 84' lang='lat' dir='ltr'>vitium,</span> <span class='ocrx_word' id='word_1_152' title='bbox 1262 2576 1384 2649; x_wconf 87' lang='lat' dir='ltr'>omni·</span> 
     </span>
     <span class='ocr_line' id='line_1_21' title="bbox 322 2664 1465 2766; baseline -0.003 -15"><span class='ocrx_word' id='word_1_153' title='bbox 322 2668 449 2751; x_wconf 85' lang='lat' dir='ltr'>busin</span> <span class='ocrx_word' id='word_1_154' title='bbox 467 2686 663 2749; x_wconf 86' lang='lat' dir='ltr'>commune</span> <span class='ocrx_word' id='word_1_155' title='bbox 683 2671 850 2766; x_wconf 77' lang='lat' dir='ltr'>deinceps</span> <span class='ocrx_word' id='word_1_156' title='bbox 872 2671 1057 2763; x_wconf 83' lang='lat' dir='ltr'>vitandum</span> <span class='ocrx_word' id='word_1_157' title='bbox 1076 2670 1269 2748; x_wconf 83' lang='lat' dir='ltr'>statuimus.</span> <span class='ocrx_word' id='word_1_158' title='bbox 1299 2664 1383 2749; x_wconf 83' lang='lat' dir='ltr'>Pet·</span> <span class='ocrx_word' id='word_1_159' title='bbox 1462 2676 1465 2681; x_wconf 86' lang='lat'>&#39;</span> 
     </span>
     <span class='ocr_line' id='line_1_22' title="bbox 322 2769 1525 2868; baseline 0.002 -20"><span class='ocrx_word' id='word_1_160' title='bbox 322 2771 543 2849; x_wconf 78' lang='lat' dir='ltr'>timescenda</span> <span class='ocrx_word' id='word_1_161' title='bbox 562 2772 747 2868; x_wconf 84' lang='lat' dir='ltr'>porro.dr</span> <span class='ocrx_word' id='word_1_162' title='bbox 778 2770 963 2866; x_wconf 81' lang='lat' dir='ltr'>vigilanter</span> <span class='ocrx_word' id='word_1_163' title='bbox 982 2770 1138 2847; x_wconf 83' lang='lat' dir='ltr'>cavenda</span> <span class='ocrx_word' id='word_1_164' title='bbox 1162 2769 1212 2846; x_wconf 87' lang='lat' dir='ltr'>est</span> <span class='ocrx_word' id='word_1_165' title='bbox 1228 2769 1381 2850; x_wconf 85' lang='lat' dir='ltr'>Domini</span> <span class='ocrx_word' id='word_1_166' title='bbox 1497 2769 1525 2804; x_wconf 52' lang='lat'>⁴⁸</span> 
     </span>
     <span class='ocr_line' id='line_1_23' title="bbox 321 2863 1383 2965; baseline -0.008 -16"><span class='ocrx_word' id='word_1_167' title='bbox 321 2863 580 2950; x_wconf 76' lang='lat' dir='ltr'>Sacerdotibus</span> <span class='ocrx_word' id='word_1_168' title='bbox 598 2869 676 2946; x_wconf 90' lang='lat' dir='ltr'>Heli</span> <span class='ocrx_word' id='word_1_169' title='bbox 693 2869 896 2946; x_wconf 85' lang='lat' dir='ltr'>Sacerdotis</span> <span class='ocrx_word' id='word_1_170' title='bbox 917 2875 1016 2945; x_wconf 88' lang='lat' dir='ltr'>ruina</span> <span class='ocrx_word' id='word_1_171' title='bbox 1029 2925 1039 2954; x_wconf 86' lang='lat'>,</span> <span class='ocrx_word' id='word_1_172' title='bbox 1054 2874 1117 2965; x_wconf 90' lang='lat' dir='ltr'>qui</span> <span class='ocrx_word' id='word_1_173' title='bbox 1130 2870 1221 2946; x_wconf 83' lang='lat' dir='ltr'>filios</span> <span class='ocrx_word' id='word_1_174' title='bbox 1235 2871 1314 2948; x_wconf 91' lang='lat' dir='ltr'>suos</span> <span class='ocrx_word' id='word_1_175' title='bbox 1325 2876 1383 2949; x_wconf 81' lang='lat' dir='ltr'>ln.</span> 
     </span>
     <span class='ocr_line' id='line_1_24' title="bbox 323 2968 1380 3070; baseline 0.002 -23"><span class='ocrx_word' id='word_1_176' title='bbox 323 2971 437 3069; x_wconf 85' lang='lat' dir='ltr'>digne</span> <span class='ocrx_word' id='word_1_177' title='bbox 455 2987 601 3070; x_wconf 86' lang='lat' dir='ltr'>agentes</span> <span class='ocrx_word' id='word_1_178' title='bbox 622 3024 634 3056; x_wconf 88' lang='lat'><strong>.</strong></span> <span class='ocrx_word' id='word_1_179' title='bbox 660 2968 940 3066; x_wconf 83' lang='lat' dir='ltr'>Dominamque</span> <span class='ocrx_word' id='word_1_180' title='bbox 962 2973 997 3044; x_wconf 91' lang='lat' dir='ltr'>in</span> <span class='ocrx_word' id='word_1_181' title='bbox 1021 2970 1088 3045; x_wconf 87' lang='lat' dir='ltr'>suis</span> <span class='ocrx_word' id='word_1_182' title='bbox 1111 2976 1226 3063; x_wconf 84' lang='lat' dir='ltr'>pravis</span> <span class='ocrx_word' id='word_1_183' title='bbox 1246 2970 1380 3049; x_wconf 76' lang='lat' dir='ltr'>adibus</span> 
     </span>
     <span class='ocr_line' id='line_1_25' title="bbox 323 3069 1379 3168; baseline 0.003 -21"><span class='ocrx_word' id='word_1_184' title='bbox 323 3071 370 3147; x_wconf 80' lang='lat' dir='ltr'>ad</span> <span class='ocrx_word' id='word_1_185' title='bbox 397 3071 613 3146; x_wconf 87' lang='lat' dir='ltr'>iracundiam</span> <span class='ocrx_word' id='word_1_186' title='bbox 635 3086 876 3166; x_wconf 85' lang='lat' dir='ltr'>provocantes</span> <span class='ocrx_word' id='word_1_187' title='bbox 906 3069 1194 3168; x_wconf 71' lang='lat' dir='ltr'>,sacrificioque</span> <span class='ocrx_word' id='word_1_188' title='bbox 1226 3070 1379 3150; x_wconf 82' lang='lat' dir='ltr'>Domini</span> 
     </span>
     <span class='ocr_line' id='line_1_26' title="bbox 323 3170 1409 3267; baseline -0.006 -21"><span class='ocrx_word' id='word_1_189' title='bbox 323 3170 491 3264; x_wconf 86' lang='lat' dir='ltr'>injuriam</span> <span class='ocrx_word' id='word_1_190' title='bbox 510 3173 728 3263; x_wconf 82' lang='lat' dir='ltr'>irrogantes,</span> <span class='ocrx_word' id='word_1_191' title='bbox 744 3174 825 3267; x_wconf 85' lang='lat' dir='ltr'>quia</span> <span class='ocrx_word' id='word_1_192' title='bbox 842 3174 955 3244; x_wconf 78' lang='lat' dir='ltr'>verbis</span> <span class='ocrx_word' id='word_1_193' title='bbox 982 3183 1140 3251; x_wconf 83' lang='lat' dir='ltr'>tantum,</span> <span class='ocrx_word' id='word_1_194' title='bbox 1156 3171 1190 3245; x_wconf 79' lang='lat' dir='ltr'>de</span> <span class='ocrx_word' id='word_1_195' title='bbox 1207 3194 1283 3247; x_wconf 90' lang='lat' dir='ltr'>non</span> <span class='ocrx_word' id='word_1_196' title='bbox 1299 3195 1379 3248; x_wconf 85' lang='lat' dir='ltr'>ver.</span> <span class='ocrx_word' id='word_1_197' title='bbox 1406 3235 1409 3240; x_wconf 89' lang='lat'>.</span> 
     </span>
     <span class='ocr_line' id='line_1_27' title="bbox 325 3269 1379 3371; baseline -0.005 -26"><span class='ocrx_word' id='word_1_198' title='bbox 325 3269 471 3345; x_wconf 87' lang='lat' dir='ltr'>beribus</span> <span class='ocrx_word' id='word_1_199' title='bbox 492 3273 668 3362; x_wconf 90' lang='lat' dir='ltr'>corripuit</span> <span class='ocrx_word' id='word_1_200' title='bbox 683 3318 690 3345; x_wconf 77' lang='lat'><strong>.</strong></span> <span class='ocrx_word' id='word_1_201' title='bbox 704 3274 752 3345; x_wconf 86' lang='lat' dir='ltr'>eis</span> <span class='ocrx_word' id='word_1_202' title='bbox 773 3272 913 3354; x_wconf 84' lang='lat' dir='ltr'>divina,</span> <span class='ocrx_word' id='word_1_203' title='bbox 936 3271 1097 3371; x_wconf 82' lang='lat' dir='ltr'>justaque</span> <span class='ocrx_word' id='word_1_204' title='bbox 1117 3269 1254 3348; x_wconf 90' lang='lat' dir='ltr'>ultione</span> <span class='ocrx_word' id='word_1_205' title='bbox 1270 3294 1379 3350; x_wconf 90' lang='lat' dir='ltr'>tuen.</span> 
     </span>
     <span class='ocr_line' id='line_1_28' title="bbox 323 3368 1378 3468; baseline -0.006 -23"><span class='ocrx_word' id='word_1_206' title='bbox 323 3369 422 3445; x_wconf 89' lang='lat' dir='ltr'>tibus</span> <span class='ocrx_word' id='word_1_207' title='bbox 445 3372 526 3445; x_wconf 76' lang='lat' dir='ltr'>ruit·</span> <span class='ocrx_word' id='word_1_208' title='bbox 555 3368 644 3445; x_wconf 74' lang='lat' dir='ltr'>acii</span> <span class='ocrx_word' id='word_1_209' title='bbox 675 3369 768 3445; x_wconf 87' lang='lat' dir='ltr'>sorte</span> <span class='ocrx_word' id='word_1_210' title='bbox 785 3415 793 3445; x_wconf 80' lang='lat'>‚</span> <span class='ocrx_word' id='word_1_211' title='bbox 812 3370 912 3468; x_wconf 88' lang='lat' dir='ltr'>quod</span> <span class='ocrx_word' id='word_1_212' title='bbox 939 3372 1044 3454; x_wconf 88' lang='lat' dir='ltr'>abiit,</span> <span class='ocrx_word' id='word_1_213' title='bbox 1070 3372 1159 3447; x_wconf 84' lang='lat' dir='ltr'>ullus</span> <span class='ocrx_word' id='word_1_214' title='bbox 1179 3368 1378 3463; x_wconf 82' lang='lat' dir='ltr'>Episcopo.</span> 
     </span>
     <span class='ocr_line' id='line_1_29' title="bbox 324 3464 1376 3567; baseline 0 -21"><span class='ocrx_word' id='word_1_215' title='bbox 324 3490 407 3546; x_wconf 84' lang='lat' dir='ltr'>tom</span> <span class='ocrx_word' id='word_1_216' title='bbox 427 3466 596 3564; x_wconf 87' lang='lat' dir='ltr'>deinceps</span> <span class='ocrx_word' id='word_1_217' title='bbox 618 3464 801 3545; x_wconf 68' lang='lat' dir='ltr'>sectatores</span> <span class='ocrx_word' id='word_1_218' title='bbox 831 3472 983 3546; x_wconf 82' lang='lat' dir='ltr'>avaritias</span> <span class='ocrx_word' id='word_1_219' title='bbox 1004 3468 1180 3545; x_wconf 84' lang='lat' dir='ltr'>ministros</span> <span class='ocrx_word' id='word_1_220' title='bbox 1206 3471 1246 3550; x_wconf 86' lang='lat' dir='ltr'>in</span> <span class='ocrx_word' id='word_1_221' title='bbox 1269 3491 1376 3567; x_wconf 87' lang='lat' dir='ltr'>paro·</span> 
     </span>
     <span class='ocr_line' id='line_1_30' title="bbox 323 3567 1373 3663; baseline -0.001 -17"><span class='ocrx_word' id='word_1_222' title='bbox 323 3568 405 3646; x_wconf 75' lang='lat' dir='ltr'>chia</span> <span class='ocrx_word' id='word_1_223' title='bbox 425 3567 482 3645; x_wconf 89' lang='lat' dir='ltr'>sua</span> <span class='ocrx_word' id='word_1_224' title='bbox 496 3571 716 3644; x_wconf 81' lang='lat' dir='ltr'>constituerit</span> <span class='ocrx_word' id='word_1_225' title='bbox 735 3620 745 3652; x_wconf 83' lang='lat'>,</span> <span class='ocrx_word' id='word_1_226' title='bbox 762 3572 797 3644; x_wconf 81' lang='lat' dir='ltr'>de</span> <span class='ocrx_word' id='word_1_227' title='bbox 814 3594 940 3646; x_wconf 89' lang='lat' dir='ltr'>eorum</span> <span class='ocrx_word' id='word_1_228' title='bbox 967 3576 1152 3663; x_wconf 82' lang='lat' dir='ltr'>cognitam</span> <span class='ocrx_word' id='word_1_229' title='bbox 1165 3574 1373 3663; x_wconf 86' lang='lat' dir='ltr'>pravitatem</span> 
     </span>
     <span class='ocr_line' id='line_1_31' title="bbox 323 3668 1370 3766; baseline -0.007 -21"><span class='ocrx_word' id='word_1_230' title='bbox 323 3668 534 3745; x_wconf 79' lang='lat' dir='ltr'>autioritate</span> <span class='ocrx_word' id='word_1_231' title='bbox 557 3668 716 3766; x_wconf 80' lang='lat' dir='ltr'>pastorali</span> <span class='ocrx_word' id='word_1_232' title='bbox 737 3675 863 3744; x_wconf 78' lang='lat' dir='ltr'>acriter</span> <span class='ocrx_word' id='word_1_233' title='bbox 891 3677 992 3744; x_wconf 86' lang='lat' dir='ltr'>lerrre</span> <span class='ocrx_word' id='word_1_234' title='bbox 1014 3668 1277 3751; x_wconf 83' lang='lat' dir='ltr'>detretiaverit.</span> <span class='ocrx_word' id='word_1_235' title='bbox 1305 3693 1370 3746; x_wconf 88' lang='lat' dir='ltr'>ex.</span> 
     </span>
     <span class='ocr_line' id='line_1_32' title="bbox 322 3763 1373 3866; baseline 0.001 -21"><span class='ocrx_word' id='word_1_236' title='bbox 322 3768 487 3865; x_wconf 83' lang='lat' dir='ltr'>emplum</span> <span class='ocrx_word' id='word_1_237' title='bbox 502 3768 713 3866; x_wconf 84' lang='lat' dir='ltr'>negligentis</span> <span class='ocrx_word' id='word_1_238' title='bbox 727 3763 808 3845; x_wconf 77' lang='lat' dir='ltr'>Heli</span> <span class='ocrx_word' id='word_1_239' title='bbox 821 3768 1019 3844; x_wconf 67' lang='lat' dir='ltr'>sacerdotis</span> <span class='ocrx_word' id='word_1_240' title='bbox 1032 3769 1157 3843; x_wconf 88' lang='lat' dir='ltr'>imitari</span> <span class='ocrx_word' id='word_1_241' title='bbox 1180 3766 1213 3844; x_wconf 87' lang='lat' dir='ltr'>ie</span> <span class='ocrx_word' id='word_1_242' title='bbox 1229 3790 1373 3865; x_wconf 83' lang='lat' dir='ltr'>cogno·</span> 
     </span>
     <span class='ocr_line' id='line_1_33' title="bbox 322 3860 1370 3965; baseline 0.003 -22"><span class='ocrx_word' id='word_1_243' title='bbox 322 3860 395 3943; x_wconf 89' lang='lat' dir='ltr'>scat</span> <span class='ocrx_word' id='word_1_244' title='bbox 408 3922 419 3949; x_wconf 88' lang='lat'><em>.</em></span> <span class='ocrx_word' id='word_1_245' title='bbox 434 3866 607 3965; x_wconf 84' lang='lat' dir='ltr'>sciatque.</span> <span class='ocrx_word' id='word_1_246' title='bbox 624 3875 705 3963; x_wconf 88' lang='lat' dir='ltr'>quia</span> <span class='ocrx_word' id='word_1_247' title='bbox 722 3869 896 3965; x_wconf 88' lang='lat' dir='ltr'>quidquid</span> <span class='ocrx_word' id='word_1_248' title='bbox 912 3873 1090 3965; x_wconf 86' lang='lat' dir='ltr'>pravitatis</span> <span class='ocrx_word' id='word_1_249' title='bbox 1105 3911 1114 3935; x_wconf 82' lang='lat'>.</span> <span class='ocrx_word' id='word_1_250' title='bbox 1137 3867 1192 3943; x_wconf 84' lang='lat' dir='ltr'>ael</span> <span class='ocrx_word' id='word_1_251' title='bbox 1218 3872 1370 3946; x_wconf 75' lang='lat' dir='ltr'>avaritias</span> 
     </span>
     <span class='ocr_line' id='line_1_34' title="bbox 323 3963 1371 4063; baseline 0.005 -21"><span class='ocrx_word' id='word_1_252' title='bbox 323 3963 530 4058; x_wconf 84' lang='lat' dir='ltr'>huiusmodi</span> <span class='ocrx_word' id='word_1_253' title='bbox 554 3968 692 4049; x_wconf 85' lang='lat' dir='ltr'>iubierli</span> <span class='ocrx_word' id='word_1_254' title='bbox 719 3972 753 4042; x_wconf 90' lang='lat' dir='ltr'>irr</span> <span class='ocrx_word' id='word_1_255' title='bbox 771 3967 1240 4063; x_wconf 76' lang='lat' dir='ltr'>plebibusc‘hristiegermt,</span> <span class='ocrx_word' id='word_1_256' title='bbox 1264 3967 1371 4047; x_wconf 79' lang='lat' dir='ltr'>fiens</span> 
     </span>
     <span class='ocr_line' id='line_1_35' title="bbox 321 4066 1372 4165; baseline 0.002 -22"><span class='ocrx_word' id='word_1_257' title='bbox 321 4068 506 4161; x_wconf 83' lang='lat' dir='ltr'>corrigere</span> <span class='ocrx_word' id='word_1_258' title='bbox 523 4069 624 4159; x_wconf 82' lang='lat' dir='ltr'>iuxta</span> <span class='ocrx_word' id='word_1_259' title='bbox 648 4069 724 4143; x_wconf 72' lang='lat' dir='ltr'>iacit</span> <span class='ocrx_word' id='word_1_260' title='bbox 745 4070 948 4165; x_wconf 75' lang='lat' dir='ltr'>qualitatem</span> <span class='ocrx_word' id='word_1_261' title='bbox 975 4066 1193 4165; x_wconf 78' lang='lat' dir='ltr'>neglexerit,</span> <span class='ocrx_word' id='word_1_262' title='bbox 1222 4093 1257 4142; x_wconf 89' lang='lat' dir='ltr'>in</span> <span class='ocrx_word' id='word_1_263' title='bbox 1285 4092 1372 4151; x_wconf 90' lang='lat' dir='ltr'>eum</span> 
     </span>
     <span class='ocr_line' id='line_1_36' title="bbox 323 4162 1372 4263; baseline 0.003 -22"><span class='ocrx_word' id='word_1_264' title='bbox 323 4164 568 4263; x_wconf 80' lang='lat' dir='ltr'>proculdubio</span> <span class='ocrx_word' id='word_1_265' title='bbox 580 4194 622 4247; x_wconf 85' lang='lat' dir='ltr'>,a</span> <span class='ocrx_word' id='word_1_266' title='bbox 645 4192 722 4263; x_wconf 91' lang='lat' dir='ltr'>quo</span> <span class='ocrx_word' id='word_1_267' title='bbox 742 4172 924 4245; x_wconf 78' lang='lat' dir='ltr'>constituti</span> <span class='ocrx_word' id='word_1_268' title='bbox 939 4168 1039 4248; x_wconf 86' lang='lat' dir='ltr'>sunt,</span> <span class='ocrx_word' id='word_1_269' title='bbox 1055 4190 1115 4252; x_wconf 86' lang='lat' dir='ltr'>ea,</span> <span class='ocrx_word' id='word_1_270' title='bbox 1134 4162 1372 4263; x_wconf 81' lang='lat' dir='ltr'>qnaeadmise·</span> 
     </span>
    </p>

    <p class='ocr_par' dir='ltr' id='par_1_7' title="bbox 320 4266 1376 4768">
     <span class='ocr_line' id='line_1_37' title="bbox 322 4266 1372 4365; baseline 0.008 -25"><span class='ocrx_word' id='word_1_271' title='bbox 322 4268 418 4341; x_wconf 82' lang='lat' dir='ltr'>&#39;rint›</span> <span class='ocrx_word' id='word_1_272' title='bbox 440 4267 690 4341; x_wconf 86' lang='lat' dir='ltr'>redundabunt</span> <span class='ocrx_word' id='word_1_273' title='bbox 720 4315 728 4337; x_wconf 62' lang='lat'><em>2</em></span> <span class='ocrx_word' id='word_1_274' title='bbox 754 4269 789 4343; x_wconf 83' lang='lat' dir='ltr'>dr</span> <span class='ocrx_word' id='word_1_275' title='bbox 821 4266 991 4365; x_wconf 70' lang='lat' dir='ltr'>synodali</span> <span class='ocrx_word' id='word_1_276' title='bbox 1011 4270 1230 4361; x_wconf 80' lang='lat' dir='ltr'>correptioni</span> <span class='ocrx_word' id='word_1_277' title='bbox 1255 4270 1372 4350; x_wconf 75' lang='lat' dir='ltr'>modin</span> 
     </span>
     <span class='ocr_line' id='line_1_38' title="bbox 323 4366 1373 4460; baseline 0.008 -19"><span class='ocrx_word' id='word_1_278' title='bbox 323 4366 494 4441; x_wconf 85' lang='lat' dir='ltr'>omnibus</span> <span class='ocrx_word' id='word_1_279' title='bbox 516 4369 782 4460; x_wconf 71' lang='lat' dir='ltr'>subjiciendum.</span> <span class='ocrx_word' id='word_1_280' title='bbox 813 4369 905 4443; x_wconf 45' lang='lat' dir='ltr'>Narin</span> <span class='ocrx_word' id='word_1_281' title='bbox 930 4368 964 4440; x_wconf 79' lang='lat' dir='ltr'>de</span> <span class='ocrx_word' id='word_1_282' title='bbox 991 4369 1177 4441; x_wconf 91' lang='lat' dir='ltr'>communi</span> <span class='ocrx_word' id='word_1_283' title='bbox 1202 4369 1373 4449; x_wconf 83' lang='lat' dir='ltr'>consensu</span> 
     </span>
     <span class='ocr_line' id='line_1_39' title="bbox 323 4462 1374 4564; baseline -0.004 -22"><span class='ocrx_word' id='word_1_284' title='bbox 323 4462 531 4551; x_wconf 74' lang='lat' dir='ltr'>statmmus,</span> <span class='ocrx_word' id='word_1_285' title='bbox 547 4483 584 4542; x_wconf 89' lang='lat' dir='ltr'>ut</span> <span class='ocrx_word' id='word_1_286' title='bbox 603 4467 842 4564; x_wconf 76' lang='lat' dir='ltr'>unusquique</span> <span class='ocrx_word' id='word_1_287' title='bbox 857 4465 1114 4558; x_wconf 83' lang='lat' dir='ltr'>Episcoporum</span> <span class='ocrx_word' id='word_1_288' title='bbox 1136 4468 1236 4558; x_wconf 89' lang='lat' dir='ltr'>snper</span> <span class='ocrx_word' id='word_1_289' title='bbox 1250 4468 1374 4547; x_wconf 80' lang='lat' dir='ltr'>Archi.</span> 
     </span>
     <span class='ocr_line' id='line_1_40' title="bbox 320 4563 1376 4745; baseline 0.004 -101"><span class='ocrx_word' id='word_1_290' title='bbox 320 4563 485 4644; x_wconf 80' lang='lat' dir='ltr'>diaconis</span> <span class='ocrx_word' id='word_1_291' title='bbox 501 4571 567 4648; x_wconf 84' lang='lat' dir='ltr'>loir</span> <span class='ocrx_word' id='word_1_292' title='bbox 582 4567 750 4669; x_wconf 81' lang='lat' dir='ltr'>deinceps</span> <span class='ocrx_word' id='word_1_293' title='bbox 769 4568 1029 4745; x_wconf 45' lang='lat' dir='ltr'>sigiltrgntiorem</span> <span class='ocrx_word' id='word_1_294' title='bbox 1041 4587 1165 4645; x_wconf 87' lang='lat' dir='ltr'>curam</span> <span class='ocrx_word' id='word_1_295' title='bbox 1185 4567 1376 4654; x_wconf 83' lang='lat' dir='ltr'>adhibeat.</span> 
     </span>
     <span class='ocr_line' id='line_1_41' title="bbox 905 4684 1325 4768; baseline -0.01 -20"><span class='ocrx_word' id='word_1_296' title='bbox 905 4684 930 4748; x_wconf 79' lang='lat' dir='ltr'>a</span> <span class='ocrx_word' id='word_1_297' title='bbox 1231 4689 1325 4768; x_wconf 86' lang='lat' dir='ltr'>quo·</span> 
     </span>
    </p>
   </div>
   <div class='ocr_carea' id='block_1_3' title="bbox 0 0 1904 5417">
    <p class='ocr_par' dir='ltr' id='par_1_8' title="bbox 0 0 1904 5417">
     <span class='ocr_line' id='line_1_42' title="bbox 0 0 1904 5417; baseline 0 4"><span class='ocrx_word' id='word_1_298' title='bbox 0 0 1904 5417; x_wconf 95' lang='lat' dir='ltr'> </span> 
     </span>
    </p>
   </div>
  </div>
 </body>
</html>
