3800 5417
477 532 494 549 '-
530 560 620 657 .De
644 561 830 656 Peccatis
855 560 1119 680 capitalibus:
1135 564 1139 569 ’
1253 655 1256 659 .
1312 571 1368 681 17'

317 738 412 818 licut
439 760 486 814 ex
514 747 575 814 tua
602 741 741 833 gratia.
764 760 839 813 non
868 747 986 815 tamen
1007 737 1180 821 socialiter
1203 740 1365 842 gauderi-¹
1508 724 1511 729 ’

286 851 288 855 ’
316 859 397 922 tes,
422 839 481 914 sed
504 837 576 913 aliis
601 837 799 922 invidentes
823 860 861 913 ea
885 894 907 930 „
927 895 965 930 ‚‚,

369 938 489 1017 Plures
510 938 591 1013 alias
615 936 785 1031 superbia
804 936 958 1033 species,
985 938 1041 1015 seu
1075 940 1205 1018 modos
1221 941 1276 1018 aiil
1296 938 1360 1018 Pa·
1389 925 1557 997 Duodecim

313 1055 386 1118 tm
408 1037 580 1133 affignant
607 1061 618 1129 3
642 1041 830 1108 &Hieroni
855 1042 987 1134 ingrati
1011 1041 1118 1115 animi
1150 1046 1273 1118 vitium
1294 1065 1305 1133 ;
1327 1048 1359 1112 S·
1372 1002 1513 1162 {ssffl'

313 1138 449 1232 Anguis.
474 1140 533 1213 lib.
549 1154 607 1230 15.
628 1139 684 1205 De
705 1141 782 1207 θεν.
804 1141 874 1207 Dei
886 1181 896 1215 i
918 1163 995 1232 cap.
1013 1156 1068 1227 14·
1096 1141 1360 1219 excusationem

309 1242 450 1339 peccati
473 1232 920 1327 commilli35,13ernaruus
944 1239 1137 1314 duodecim
1156 1240 1284 1333 gradus
1305 1241 1361 1319 su-

307 1343 441 1517 perbia
463 1342 616 1414 totidem
643 1337 846 1414 humilitatis
868 1340 1036 1431 gradibus
1064 1340 1275 1436 oppositos.
1297 1342 1362 1419 sci·
1487 1414 1501 1443 ,

324 1446 393 1517 icet
417 1439 684 1520 curiositatem,
708 1443 835 1512 mentis
858 1439 1066 1522 levitatem,
1094 1442 1252 1535 ineptam
1270 1440 1359 1517 iaeti.

308 1545 415 1627 tiam,
437 1539 654 1632 jadiantiam.
673 1536 970 1632 singularitatem,
988 1543 1245 1633 arrogantiam,
1270 1564 1358 1637 prae.

307 1644 580 1736 sumptionem,
609 1637 850 1713 detentionem
879 1654 1110 1734 peccatorum
1127 1693 1138 1724 ,
1158 1637 1359 1719 simulatam

307 1738 602 1822 conseibonenr,
636 1737 895 1822 rebellionem,
925 1737 1148 1820 libertatem.
1181 1741 1356 1834 peccandi

309 1843 617 1933 consuetudinem.
646 1833 783 1912 Verum
804 1841 934 1934 ingrati
954 1841 1061 1912 animi
1084 1841 1208 1916 vitium
1227 1840 1271 1916 ad
1284 1843 1357 1934 pri.

309 1958 406 2017 tuam
423 1941 573 2038 speciem
593 1955 791 2013 revocatur·
824 1936 985 2032 ingratus
1003 1941 1096 2013 enim
1117 1939 1185 2024 est,
1209 1943 1269 2035 qui
1291 1938 1354 2018 fibi

310 2046 453 2119 tribuit.
476 2041 577 2134 quod
603 2039 702 2113 alteri
728 2039 845 2116 debet.
875 2036 1064 2115 Excusatio
1087 2043 1222 2136 peccati
1247 2042 1354 2140 perti·

310 2160 372 2218 net
397 2142 440 2217 ad
468 2143 605 2215 tertiam
630 2137 800 2234 speciem3
824 2144 885 2232 qui
908 2141 1003 2212 enim
1033 2154 1221 2235 peccatum
1246 2163 1358 2216 excu-

308 2241 379 2323 sat.
400 2238 484 2317 salso
507 2238 567 2315 sibi
590 2239 713 2317 tribuit
733 2240 946 2314 iunocentiae
967 2239 1117 2318 bonum.
1149 2236 1358 2317 Duodecim

307 2341 467 2437 denique
499 2335 630 2434 gradus
666 2345 699 2407 S.
717 2339 909 2422 aaraaaar,
935 2361 1011 2413 non
1046 2338 1159 2417 solum
1187 2338 1358 2434 superbia

310 2441 464 2535 species,
487 2439 544 2514 sed
577 2440 682 2512 etiam
713 2438 874 2533 quadam
901 2436 1173 2517 antecedentia,
1198 2439 1235 2513 da
1265 2461 1359 2516 coo·

308 2540 487 2631 sequentia
504 2535 814 2634 complectantur,
836 2554 875 2615 ut
893 2538 1108 2632 respondent
1130 2544 1161 2612 S.
1178 2536 1291 2615 Tuam.
1311 2534 1359 2614 ad

307 2656 502 2735 quartum,
525 2639 561 2712 da
585 2636 761 2722 Geminius
792 2639 829 2712 in
853 2636 1085 2733 Compendio
1116 2635 1357 2735 Theologiae,

306 2739 478 2817 Tradatu
506 2739 711 2829 Deceptam
733 2735 840 2807 Vitiis
861 2736 1067 2830 capitalibus.
1113 2740 1147 2816 Si
1168 2740 1246 2832 quis
1271 2756 1360 2832 praes

307 2841 547 2934 sumptionem
578 2872 589 2919 a
623 2859 692 2931 qua
715 2836 830 2913 tendit
861 2837 976 2914 homo
1003 2836 1046 2912 ad
1080 2833 1359 2932 assequendum,

307 2937 413 3037 quod
452 2939 550 3034 supra
577 2937 610 3013 se
639 2937 723 3019 est.
756 2938 899 3013 aiteram
928 2940 1093 3032 superbia
1117 2937 1265 3028 speciem
1295 2933 1364 3013 else

308 3040 471 3124 dixerit,
494 3038 585 3113 hanc
604 3036 844 3130 objetlionem
868 3044 1063 3135 occupavit
1091 3036 1300 3114 &Thamari
1324 3037 1366 3110 it.
1495 3063 1500 3072 ·

308 3140 381 3215 lam
398 3137 442 3212 ad
467 3157 629 3231 quartam
650 3138 800 3230 speciem
825 3160 1015 3221 revocans,
1040 3137 1232 3214 sectrndunr
1255 3153 1365 3232 quam

309 3239 438 3336 aliquit
464 3238 540 3313 ruit
568 3239 700 3312 caeteria
732 3242 914 3335 anteponi.
954 3236 1121 3337 Denique
1147 3237 1171 3310 sr
1203 3239 1280 3330 quis
1312 3234 1374 3311 su··

308 3341 470 3439 peritiam
499 3342 534 3410 in
553 3337 761 3414 voluntate.
784 3342 819 3412 in
847 3338 1029 3423 sermone,
1052 3343 1089 3412 in
1116 3359 1227 3433 opere
1246 3335 1370 3409 distin·

308 3442 407 3516 xerit
433 3460 519 3512 cum
555 3445 586 3507 Sa
604 3437 783 3523 Ausetano,
811 3438 867 3512 seu
901 3444 1021 3532 potius
1061 3439 1220 3507 aaamaaa
1243 3439 1277 3509 in
1305 3436 1362 3509 lib.

307 3540 571 3611 uimitiruata'aam
596 3546 627 3613 S,
652 3538 798 3623 Anlelmr'
811 3593 822 3622 ‚
847 3538 1037 3632 respondet
1060 3544 1091 3606 Sa
1105 3535 1268 3614 Tiamaa,
1289 3554 1365 3608 non

307 3637 538 3735 taruspeciee
561 3635 648 3713 else.
673 3660 780 3734 quam
806 3635 1029 3733 progressum
1051 3638 1195 3712 cuilibet
1212 3649 1363 3732 peccato

309 3760 570 3822 communem,
594 3738 694 3833 quod
718 3737 846 3812 scilicet
868 3742 986 3834 primo
1010 3739 1119 3813 corde
1137 3739 1361 3832 concipitur,

312 3841 440 3914 deinde
470 3861 535 3910 ore
556 3838 760 3934 profertur,
786 3843 892 3912 tertio
920 3861 1030 3930 opere
1055 3835 1245 3931 perficitur·
1565 3926 1567 3931 Ι

361 3939 544 4034 Superbiae
558 3941 760 4023 materiam,
781 3935 1044 4035 hominumque
1059 3937 1290 4032 superborum
1306 3951 1364 4009 ct·
1421 3915 1565 4061 Siih‘sbi·

316 4038 458 4112 tartarea
478 4038 643 4135 praelate
655 4037 818 4112 describit
844 4041 976 4130 i'aGreg.
1000 4038 1057 4110 lib.
1074 4057 1130 4128 34
1159 4034 1359 4120 Moralium,
1378 4017 1450 4136 {ffi
1468 4013 1565 4139 ἐξ·

317 4156 398 4231 cap,
419 4152 472 4222 18·
494 4189 515 4228 „
532 4187 554 4229 „
584 4136 696 4212 Elatio
720 4137 733 4225 (
745 4134 882 4229 inquit)
907 4138 993 4214 alios
1013 4159 1058 4211 ex
1081 4138 1186 4212 rebus
1205 4133 1359 4210 iaculari.
1379 4156 1476 4216 uero.
1615 4152 1625 4169 ·

316 4239 403 4321 but,
428 4236 509 4312 alios
537 4261 623 4312 vero
643 4257 689 4312 ex
710 4234 941 4333 spiritualibus
957 4233 1117 4336 poilidet.
1146 4233 1241 4311 Alter
1264 4258 1364 4308 uam·
1481 4280 1485 4287 ·

313 4361 389 4434 que
409 4338 610 4414 intumescit
630 4359 742 4421 auro,
762 4337 848 4411 aiter
861 4338 1032 4434 eloquio,
1048 4337 1134 4410 alter
1158 4335 1305 4417 infimis,
1328 4337 1364 4409 da

312 4441 462 4515 terrenis
488 4441 610 4519 rebus.
631 4439 720 4513 alter
742 4436 907 4522 summis,
936 4435 1204 4534 coelestibusque
1227 4437 1364 4510 virturi-

316 4542 381 4618 bua
406 4564 420 4635 ;
445 4558 516 4616 uua
544 4556 694 4626 tamen,
721 4537 918 4714 eadhmque
940 4559 996 4613 res
1027 4552 1109 4613 ante
1141 4534 1269 4649 oculos
1295 4527 1366 4609 Dei

682 4711 684 4715 ,
841 4651 867 4706 2
1181 4650 1317 4732 lglllls,
1403 4672 1424 4715 ,r
