3800 5417
565 539 636 633 De
663 541 853 634 Peccatis
873 540 1133 662 capitalium
1324 547 1386 651 43

324 716 481 799 uenter.
507 710 564 789 alii
590 712 627 788 &
652 716 817 792 libenter.
841 715 949 794 Primi
969 719 1018 796 rei
1044 716 1126 795 lunt
1156 763 1168 796 ‚
1193 712 1382 820 sequenter

322 819 485 899 innoxii,
506 815 621 890 ultimi
635 816 726 906 julii·
749 816 982 916 Quamquam
1007 820 1044 894 &
1066 821 1274 894 innocentia
1294 836 1382 911 pora

324 922 376 994 tio
397 915 537 1006 lullitiae
562 915 613 989 eli
639 969 651 1002 ,
676 918 733 991 led
750 920 1014 996 conlnmmatiu
1036 920 1112 1011 ejus
1133 919 1230 1016 apud
1258 917 1382 992 humi·

324 1019 407 1094 lem.
453 1015 531 1106 Qui
554 1030 676 1090 autem
703 1017 820 1093 dicere
841 1018 960 1118 potest
981 1046 990 1092 r
1015 1020 1143 1088 Bonum
1163 1020 1246 1088 mibi
1268 1070 1280 1102 ,
1299 1018 1378 1110 qnia
1395 1022 1468 1109 pm
1481 1040 1548 1114 „p

324 1119 502 1196 mittant
529 1137 603 1192 me,
618 1117 646 1189 is
669 1138 751 1192 nere
771 1117 915 1195 humilis
935 1118 999 1200 est.
1044 1115 1137 1195 Non
1155 1116 1274 1214 potest
1304 1116 1379 1192 hoc

323 1222 462 1303 dicere,
488 1220 552 1314 qui
581 1220 676 1292 intua
701 1218 832 1294 tolerat
858 1239 871 1308 3
894 1223 1046 1304 minus,
1072 1221 1137 1316 qui
1165 1229 1379 1300 murmurat.

324 1317 455 1398 Neutri
473 1317 607 1392 horum
618 1321 862 1415 promittimus
888 1324 1061 1418 gratiam,
1084 1321 1187 1416 quud
1215 1317 1381 1393 humilia·

323 1437 378 1497 tut
399 1443 412 1502 3
434 1422 498 1493 etti
529 1416 607 1492 lane
628 1419 666 1491 hi
690 1421 765 1496 duo
784 1421 936 1516 longea
961 1428 994 1495 te
1011 1416 1207 1502 differant,
1230 1417 1268 1491 ἃ
1291 1416 1381 1492 alter

325 1522 473 1618 quidem
495 1523 533 1592 in
553 1521 722 1612 patientia
738 1519 796 1595 lua
811 1517 985 1618 pallidear
1004 1523 1160 1596 animam
1177 1515 1300 1603 suam.
1331 1515 1384 1591 al·

326 1636 375 1698 ter
397 1627 435 1697 in
454 1620 520 1694 l'uo
542 1640 689 1693 munere
709 1639 840 1716 pereat.
866 1623 936 1696 Sed
961 1623 1058 1697 enim
1075 1619 1137 1695 etli
1159 1641 1250 1696 unus
1271 1619 1381 1702 iram,

325 1739 448 1798 neuter
475 1741 596 1793 nmen
622 1722 773 1814 gratiam
803 1736 1042 1814 promeretur·
1081 1717 1269 1813 Quoniam
1301 1737 1382 1793 non

325 1821 534 1904 humilitati,
559 1819 617 1895 led
640 1819 835 1897 humilibus
856 1819 957 1898 Deus
968 1825 1030 1897 dat
1049 1824 1210 1917 gratiam·
1238 1818 1295 1895 list
1315 1837 1382 1894 au-
1528 1900 1532 1907 ,
1636 1891 1641 1901 .

327 1937 397 1998 tem
411 1921 558 1997 humilis
573 1963 582 1995 2
603 1942 663 2016 qut
677 1921 965 1998 humiliationem
980 1925 1162 1999 convertit
1181 1923 1219 1995 in
1234 1919 1382 1996 humili-

329 2037 457 2109 tatem,
478 2020 516 2095 δι
536 2019 606 2117 ipse
628 2019 700 2107 est,
726 2029 789 2119 qui
812 2024 900 2099 dicit
912 2021 1161 2099 Denabaran
1180 2015 1382 2114 aaronque&

329 2123 506 2202 humiliato
528 2144 590 2190 me·
614 2119 763 2200 Nemini
785 2124 925 2218 prorius
947 2123 1080 2222 ‚quod
1112 2125 1287 2221 patienter
1314 2119 1383 2195 i'ett

322 2224 467 2304 ‚bonum
487 2221 538 2296 est
568 2266 581 2302 2
608 2221 666 2296 len
696 2222 799 2318 plane
821 2225 1027 2300 molestum·
1071 2220 1211 2303 Scimus
1235 2241 1383 2298 autema

329 2323 428 2420 quod
455 2326 596 2390 hilarem
613 2328 762 2393 datorem
775 2325 889 2416 dilrgit
903 2331 1048 2399 Dent...
1068 2325 1192 2401 Solam
1208 2324 1380 2420 gratiam,
1398 2332 1428 2393 2.
1439 2314 1538 2400 Con,
1557 2332 1588 2404 7.

329 2445 435 2523 quam
459 2420 623 2518 praet'ern
645 2441 803 2500 meretur
827 2425 927 2501 laeta»
950 2424 988 2500 δι
1009 2422 1168 2501 absoluta
1189 2424 1383 2500 humilitas.

330 2530 421 2618 Qun
438 2529 537 2597 enim
556 2524 680 2598 conda
699 2525 827 2611 luerit,
847 2526 904 2602 rel
928 2540 1097 2610 extorta,
1121 2525 1236 2621 qualis
1253 2525 1381 2618 utique

328 2638 373 2705 ,tit
392 2630 431 2698 in
456 2628 536 2698 viro
558 2637 716 2718 patiente
735 2625 823 2710 illo,
842 2629 906 2721 qui
921 2623 1074 2721 poffider
1092 2628 1247 2700 animam
1260 2621 1381 2714 lunm3

329 2721 423 2809 haec.
448 2723 833 2821 inquam‚humilitns‚
852 2720 917 2800 etii
939 2729 1050 2802 vitam
1073 2727 1215 2800 obtinet
1232 2739 1384 2823 propter

331 2827 534 2920 patientiam
558 2872 568 2904 ‚
591 2844 739 2921 propter
762 2823 958 2911 tristitiam,
979 2844 1099 2902 tamen
1128 2826 1279 2924 gratiam
1304 2844 1383 2900 non

331 2925 485 2999 habebit·
514 2922 602 2999 Non
618 2950 714 3000 emm
737 2931 910 3018 congruit
933 2931 988 3005 ei,
1016 2931 1078 3024 qui
1102 2925 1279 3021 ejusmodi
1304 2927 1380 3007 eli,

330 3027 413 3100 illud
429 3023 645 3120 Scriptum
663 3030 835 3095 Gloriam
862 3028 998 3096 humilis
1020 3035 1055 3097 m
1077 3033 1279 3098 exaltatione
1296 3030 1379 3113 jun:
1400 3033 1464 3113 Jan.
1478 3045 1507 3098 1.

334 3122 519 3217 Quoniam
540 3148 615 3200 non
644 3127 770 3222 sponte
803 3127 1046 3214 humiliatur,
1075 3151 1194 3223 neque
1219 3126 1384 3203 libenter.

335 3223 395 3299 llis
413 3245 538 3300 autem
561 3228 678 3303 videre
701 3230 875 3303 humilem
890 3229 982 3303 recte
999 3230 1216 3324 gloriantem
1231 3282 1240 3314 ,
1253 3231 1289 3302 tir
1302 3249 1385 3303 vete

336 3324 484 3420 dignum
504 3326 617 3421 glotta
633 3330 647 3401 'l
664 3332 820 3397 maeno
835 3330 853 3416 ί
871 3331 990 3428 inquit
1009 3331 1201 3422 >gloriabor
1225 3338 1260 3399 in
1285 3322 1384 3412 tnfir.
1403 3339 1432 3400 a.
1453 3329 1522 3396 Cur.
1538 3332 1590 3390 tt:

336 3427 506 3495 meraritas
527 3448 627 3513 rners,
640 3448 678 3498 ut
695 3430 858 3498 inhabitet
873 3437 909 3498 t'n
930 3456 979 3500 me
1000 3436 1113 3499 virtut
1132 3425 1266 3511 coristi,
1295 3427 1387 3504 Non

336 3525 449 3611 dicit,
474 3531 643 3620 patienter
658 3529 691 3605 l'e
715 3530 804 3605 lette
830 3527 1050 3606 infirmitates
1071 3533 1166 3615 suas,
1183 3530 1239 3605 sed
1254 3531 1291 3604 &
1305 3532 1390 3626 gln·

337 3628 486 3709 riari,&
505 3628 653 3732 libenter
676 3628 926 3726 gloriariillie,
939 3635 1096 3729 probans
1117 3635 1221 3707 etiam
1248 3630 1308 3706 libi
1322 3641 1391 3705 bu·

341 3748 428 3800 num
457 3724 548 3829 elle,
570 3732 669 3825 quod
694 3734 899 3808 humiliatur
920 3753 932 3821 ;
955 3755 1021 3807 nec
1044 3727 1200 3808 l'ufficere
1214 3736 1391 3814 omnino,

345 3840 387 3932 nt
413 3825 582 3914 pnlbdeat
603 3837 757 3915 animam
778 3832 875 3907 lnam
899 3849 1069 3930 tanquam
1088 3836 1257 3928 patienter
1271 3829 1394 3907 humi-

346 3918 472 4089 lffiffissi
488 3924 549 3998 nili
570 3931 604 4001 δι
625 3932 775 4026 gratiam
797 3935 948 4029 accipiat
972 3955 1143 4029 tanquam
1167 3937 1294 4029 lpunte
1322 3931 1394 4007 hu·

351 4038 391 4093 tn
429 4038 504 4094 atus
528 4073 587 4116 ῃ».

403 4120 452 4184 h't
468 4126 561 4196 herm.
573 4130 676 4196 nonde
688 4128 861 4220 Diverftst
884 4185 907 4222 „
921 4185 943 4221 ‚,
968 4126 1320 4225 Quantos(inquit)
1338 4132 1390 4206 vi·
1409 4140 1500 4214 Multi
1519 4136 1577 4214 lm.

355 4212 489 4290 demna
509 4218 716 4315 humiliatos,
733 4231 791 4309 led
812 4254 887 4308 non
907 4235 1081 4316 humitest
1102 4229 1282 4331 perculsos
1299 4285 1310 4317 ,
1330 4232 1388 4308 led
1407 4228 1531 4317 mittan,

358 4336 437 4425 non
461 4317 612 4431 dolentes
627 4348 637 4408 t
653 4349 791 4409 curatos
814 4333 961 4431 quidem
986 4355 1006 4406 a
1027 4332 1216 4413 Domino,
1231 4334 1289 4410 l'ed
1311 4358 1388 4439 non
1407 4303 1567 4446 mna·

361 4420 428 4506 tpla
451 4435 627 4499 curatione
642 4428 796 4509 lanatos?
811 4433 858 4509 Hi
873 4434 975 4510 lunt,
990 4437 1053 4531 qui
1075 4435 1136 4511 sub
1155 4437 1307 4512 lentibus
1320 4436 1389 4511 elle

373 4511 511 4591 teneras
529 4538 743 4621 computant,
758 4529 1007 4617 dillimulantes
1028 4551 1198 4633 peccam
1216 4536 1388 4636 quaeflffl·

1237 4654 1339 4719 lanta
