3800 5417
499 536 513 559 ‘
576 548 646 642 ue
673 543 860 643 Peccatls
885 533 1146 668 capitalibus,¹
1319 562 1373 656 tt

321 715 496 818 accepisti,
515 721 595 816 quid
608 724 794 817 glorieris,
813 722 901 821 quali
920 749 981 795 nun
1003 723 1196 816 occeperis?
1216 718 1371 799 Rursum

320 848 369 904 ne
395 828 468 902 dari
492 824 597 900 nobis
622 829 762 903 bonum
782 829 902 920 gratiae
925 850 993 922 pro
1022 829 1149 903 nostris
1167 822 1372 924 praeceden·

319 931 417 1003 tibur
440 927 574 1000 meritis
594 927 843 1012 crederemus,
867 927 961 1002 idem
984 929 1172 1027 Apostolus
1196 925 1370 1000 admonet

318 1032 465 1104 dicens:
489 1029 614 1095 Gratia
634 1024 709 1102 esis
727 1028 855 1112 salvati
876 1048 934 1116 per
954 1022 1074 1113 fidem,
1097 1030 1139 1097 (r
1160 1030 1219 1095 boc
1242 1048 1303 1095 non
1325 1042 1369 1092 ex
1381 1006 1486 1091 Ephes·
1500 1020 1531 1075 ²·

318 1128 437 1210 vobis,
450 1126 508 1213 sed
529 1128 601 1218 Dei
620 1128 736 1197 donum
761 1122 823 1205 ets,
848 1149 911 1196 non
934 1122 1165 1217 exoperibus,
1186 1142 1224 1193 ut
1239 1149 1276 1195 ne
1292 1124 1368 1220 quis

311 1231 492 1323 glorietur.
544 1224 622 1319 Qut
645 1232 750 1303 etiam
781 1225 827 1304 de
856 1223 1043 1322 semetipso
1067 1229 1143 1306 aitt
1174 1222 1255 1338 Q?
1275 1228 1369 1316 prius

309 1325 368 1418 stri
394 1326 621 1420 blasphemus,
645 1330 687 1398 (5
714 1325 928 1420 persecutor,
955 1333 997 1399 (φ
1017 1327 1261 1414 contumeliosus
1280 1378 1292 1411 ‚
1313 1322 1369 1410 sed

315 1429 575 1516 misericordiam
587 1426 772 1512 consecutus
779 1425 864 1515 sum.
888 1426 1032 1523 Quibus
1046 1427 1159 1504 verbis
1177 1438 1297 1521 aperte
1308 1422 1372 1499 de·

314 1531 443 1616 clarat,
467 1530 567 1625 quod
592 1531 703 1626 gratia
724 1551 799 1605 non
820 1550 888 1626 pro
910 1531 1041 1605 meritis
1059 1531 1256 1612 tribuatur,
1278 1523 1370 1602 dum

314 1654 363 1706 ex
386 1632 419 1704 se
448 1627 525 1725 ipso
553 1629 706 1716 docuit,
734 1629 954 1729 &quidde
987 1628 1117 1705 malitia
1143 1631 1300 1718 merult3
1328 1623 1368 1701 dt

314 1730 405 1826 quid
433 1732 480 1804 de
499 1728 746 1805 benevolentia
771 1733 921 1826 accepit.
950 1726 1105 1807 Rursum
1128 1725 1291 1802 nonnulli
1315 1725 1365 1819 ja·

314 1832 413 1907 stant
427 1829 460 1904 se
479 1827 610 1905 habere
630 1884 641 1916 ,
662 1829 763 1927 quod
777 1853 851 1906 non
871 1829 1023 1914 habent,
1041 1826 1128 1904 stcut
1140 1825 1258 1902 divina
1273 1846 1366 1902 voce

314 1950 380 2027 per
398 1927 617 2029 Prophetam
635 1929 680 2006 de
700 1929 816 2006 Moab
835 1929 984 2006 dicitur!
1006 1923 1192 2021 Superbiam
1212 1925 1305 2018 ajars,
1322 1927 1365 1996 d*
1394 1899 1503 1989 1⁸1⁸*
1515 1920 1566 1989 ἠδ·

317 2037 542 2124 arrogantiam
564 2031 637 2120 ejus
656 2053 713 2124 rgo
733 2034 816 2100 novi
827 2077 838 2117 ,
863 2033 905 2101 cb
928 2029 1013 2122 qrtod
1032 2050 1093 2097 nou
1116 2024 1156 2109 st
1168 2025 1272 2119 juxta
1295 2046 1366 2097 eam
1581 2085 1584 2093 .

1396 1212 1421 1258 t.
1435 1197 1473 1260 ad
1482 1194 1563 1265 Tim·

1402 1294 1428 1340 ι.
1445 1291 1493 1353 ¹3·

315 2134 430 2201 birrus
458 2130 541 2221 ψει
578 2127 624 2209 Et
643 2128 733 2207 licut
754 2129 895 2228 Angelo
917 2126 1078 2207 Ecclesrae
1101 2124 1287 2207 Laodiceae
1313 2124 1367 2202 di·

313 2238 420 2310 citur.
448 2229 556 2324 ,θρῖα
572 2232 683 2309 dicis,
709 2233 792 2325 quod
812 2235 907 2301 dives
927 2229 1027 2317 sum,
1059 2237 1100 2301 d*
1127 2229 1367 2321 locupletatur,
1395 2218 1488 2301 blm·
1516 2226 1544 2294 ³·

312 2332 503 2403 &nullius
524 2352 628 2424 egeo,·
650 2333 694 2403 θ’
715 2331 835 2419 nescis,
853 2334 931 2427 qnia
952 2348 990 2399 tu
1013 2355 1046 2398 er
1071 2328 1191 2417 miser,
1208 2334 1251 2401 ts
1275 2326 1371 2412 mise·

315 2428 454 2510 rabelis,
472 2433 516 2503 d·
531 2449 676 2523 pauper,
695 2442 738 2503 cb·
754 2455 872 2519 cecus,
895 2433 937 2503 (t
961 2432 1074 2504 nudus.
1102 2419 1255 2508 Rursum
1276 2453 1371 2503 non.

313 2531 406 2609 nulli
433 2529 602 2629 despeilis
637 2535 796 2620 caeteris,
821 2532 930 2607 rideri
953 2547 1128 2625 appetunt
1152 2529 1370 2622 singulariter

312 2635 459 2709 bonum
486 2631 617 2709 habere
638 2656 654 2718 ,·
673 2633 773 2731 quod
803 2630 946 2708 habent·
986 2620 1092 2707 Unde
1123 2631 1158 2706 be
1184 2627 1369 2706 Pharisaeus
1399 2621 1532 2695 suc-12

311 2733 453 2811 idcirco
481 2733 527 2809 de
559 2732 697 2830 templo
728 2730 856 2830 absque
882 2730 1133 2825 justificatione
1163 2728 1370 2806 descendit,

312 2837 400 2929 quia
428 2837 610 2909 bonorum
635 2851 787 2927 operum
810 2838 932 2907 merita
953 2830 1011 2906 fibi
1035 2834 1129 2928 quali
1152 2828 1371 2926 singulariter

315 2937 499 3018 tribuens,
513 2936 630 3008 oranti
644 2932 837 3009 Publicano
853 2933 885 3007 se
902 2932 1067 3029 praetulit.
1093 2929 1207 3006 Sancti
1220 2951 1371 3027 quoque

313 3032 481 3129 Apostoli
508 3037 552 3106 ab
577 3032 650 3108 hoc
675 3032 835 3109 elationis
858 3037 946 3108 vitio
974 3045 1216 3115 revocantur,
1237 3034 1297 3127 qui
1325 3029 1369 3106 de

313 3133 570 3233 praedicatione
592 3133 805 3218 redeuntes,
823 3151 909 3209 cum
935 3130 1015 3208 elati
1044 3131 1223 3208 dicerent:
1252 3133 1365 3200 Domi·
1401 3131 1474 3209 Luc.
1491 3148 1540 3196 1⁰·

314 3258 382 3320 ne,
411 3241 447 3302 in
470 3256 597 3301 nomine
619 3254 676 3303 tuo
700 3242 800 3302 etiam
820 3235 975 3301 demonia
1002 3227 1092 3301 nobis
1102 3230 1245 3322 subjesia
1264 3230 1341 3318 sunt
1353 3260 1368 3312 ς

314 3356 363 3410 rre
388 3331 434 3408 de
457 3332 804 3413 hacunta'culotum
833 3325 1070 3432 fingularitate
1088 3332 1308 3428 gauderent,
1326 3332 1369 3407 il-

320 3428 394 3510 lico
424 3437 473 3509 eis
503 3434 685 3531 respondit
714 3432 925 3511 Dominus:
950 3430 1106 3502 Vrdtbam
1134 3432 1283 3518 satanam
1309 3456 1368 3501 ve·

311 3530 501 3626 sutfulgut·
528 3544 564 3601 de
593 3537 667 3603 creso
699 3539 876 3603 cadentem.
915 3533 957 3609 Et
981 3537 1068 3607 mire
1100 3531 1306 3617 Dominus,
1326 3547 1369 3609 ut

312 3639 351 3712 in
375 3634 635 3730 discipulorum
657 3635 826 3711 cordibus
842 3635 1031 3710 elationem
1057 3648 1254 3732 premeret,
1276 3655 1368 3710 mort

315 3736 491 3831 iudicium
511 3739 621 3809 ruinae
643 3736 787 3821 retulit,
808 3734 908 3833 quod
929 3734 998 3828 ipse
1026 3734 1187 3828 magister
1207 3734 1367 3810 elationis

316 3838 490 3928 accepit3
518 3852 557 3909 ut
584 3839 619 3909 in
640 3837 783 3911 autlore
804 3836 972 3931 superbiae
996 3834 1190 3918 discerent,
1216 3834 1367 3930 quidde

321 3930 482 4009 elationis
513 3937 602 4009 vitio
624 3936 867 4011 formidarent·
896 3933 934 4008 ln
965 3934 1030 4010 hac
1053 3939 1171 4028 itaque
1198 3957 1369 4028 arrogan-

324 4035 381 4107 tiae
407 4045 530 4129 quarta
553 4033 668 4128 specie
694 4040 820 4111 crebro
843 4036 1019 4110 humanus
1051 4036 1188 4108 animus
1219 4034 1370 4126 labitur3

322 4147 369 4209 ut
388 4131 423 4204 id
437 4185 447 4215 ,
462 4134 563 4230 quod
586 4133 693 4209 habet
707 4134 723 4221 ,'
739 4133 868 4212 habere
886 4135 919 4209 se
939 4131 1159 4230 fingulariter
1182 4132 1371 4228 glorietur.

319 4230 366 4310 sn
394 4253 461 4327 qua
485 4249 605 4308 tamen
624 4231 842 4312 similitudini
862 4234 1046 4310 diabolicae
1073 4236 1219 4309 vicinius
1241 4257 1373 4327 appro-

318 4334 474 4431 pinquat
493 4356 505 4425 ;
525 4337 607 4430 qnia
634 4333 789 4431 quisquis
812 4339 950 4410 bonum
975 4334 1008 4409 se
1032 4333 1159 4408 habere
1192 4331 1375 4427 singulari-

318 4449 376 4511 ter
399 4433 550 4527 gaudet,
570 4436 727 4532 quisquis
751 4434 859 4510 videri
874 4433 1055 4510 sublimior
1074 4436 1206 4508 caeteris
1228 4436 1373 4530 quaerit,

317 4535 423 4613 illum
450 4534 635 4621 imitatur,
657 4539 722 4633 qui
743 4532 908 4632 despetlo
932 4538 1033 4613 bono
1056 4532 1230 4614 societatis
1257 4534 1379 4628 Ange·

374 4632 477 4711 rom.
501 4632 536 4712 V
543 4636 567 4706 1
572 4635 603 4711 1.
850 4632 880 4713 Β
1191 4632 1328 4716 lorum,
