3800 5417
507 534 571 647 ,248
667 529 824 626 Theoi.
838 528 1012 649 oogza
1037 526 1189 628 morai
1217 525 1321 624 Lib:
1341 525 1422 626 ΙΙΙ,
1449 546 1452 551 ’

517 726 640 799 opera,
656 709 700 780 ti*
719 725 780 799 pro
804 728 868 804 quo
899 704 1113 802 consequendo
1134 727 1196 775 non
1220 694 1570 795 pretermittitfacere

517 807 686 895 etiamen,
701 828 768 902 qna
780 804 858 894 sunt
881 826 996 878 contra
1016 812 1124 878 Deum
1150 828 1159 882 r
1185 801 1298 880 Verbi
1316 824 1371 896 gr·
1386 806 1450 900 qui
1468 816 1569 881 dletlt

515 905 670 997 infamiae
699 931 719 985 a
744 908 925 987 libidinosa
952 905 1156 985 muliercula
1185 910 1392 988 intentatae,
1414 901 1571 981 fornica·

515 1010 685 1093 tionem,
708 1008 945 1094 adulterium.
973 1023 1034 1086 aut
1073 1005 1167 1084 aliud
1194 1002 1343 1082 mortale
1378 1025 1570 1101 peccatum

475 1176 483 1195 „
515 1110 738 1194 committit,
772 1108 946 1205 praciam
968 1108 1128 1201 Joiepb,
1154 1106 1191 1182 ἃ
1216 1102 1362 1191 Susanna
1393 1106 1569 1203 exemplis

469 1250 471 1253 ·
513 1230 594 1283 non
611 1209 824 1287 absterritus.
855 1205 1044 1306 lten1‚qui
1064 1211 1113 1282 ob
1132 1200 1259 1283 lethale
1278 1217 1466 1300 peccatum
1479 1256 1489 1290 ,
1502 1219 1567 1281 aut

514 1305 625 1384 iinem
644 1330 728 1386 cum
743 1308 861 1386 lethali
882 1326 1032 1411 peccato
1046 1306 1304 1402 conjuneium.
1322 1304 1494 1400 gloriam,
1511 1302 1568 1380 vel

513 1405 711 1485 humanam
736 1407 878 1510 laudern
905 1425 1162 1506 aucupantur,
1200 1430 1233 1481 v.
1255 1425 1308 1501 gr.
1344 1417 1385 1479 ut
1411 1405 1567 1480 mulieris

486 1528 491 1538 ·
512 1507 660 1600 alicujus
674 1507 881 1606 pudicitiam
896 1523 1130 1606 expugnent,
1144 1507 1200 1584 rel
1220 1524 1259 1582 ut
1273 1504 1317 1579 ad
1334 1504 1568 1602 dignitatem.

511 1621 575 1695 aut
594 1602 769 1687 Officium
799 1605 1099 1690 eccleliaiiieum.
1134 1623 1195 1683 aut
1218 1604 1357 1682 civilem
1383 1604 1568 1700 prael'etin·

510 1729 611 1793 ram,
629 1706 688 1786 seu
707 1708 947 1806 magistratum
966 1710 1192 1804 perveniant,
1209 1708 1337 1803 quibus
1351 1721 1471 1782 tamen
1484 1700 1566 1782 iun

382 1862 384 1866 .
511 1807 665 1902 indigni.
699 1805 817 1891 item,
839 1809 901 1905 qui
930 1830 1017 1885 cum
1047 1809 1091 1884 ad
1120 1805 1325 1902 bujul'modi
1352 1807 1597 1902 dignitates»,

510 1903 681 1983 beneficia
700 1954 711 1987 ‚
735 1903 880 1986 officia,
902 1905 1123 2004 praeieiiurar
1138 1909 1223 1990 ‚nel
1244 1901 1465 2002 magistratus
1486 1925 1568 2002 per·

509 2009 674 2083 venerint
695 2009 862 2085 immeriti
882 2049 893 2085 2
920 2008 1132 2109 popularem
1155 2028 1300 2084 euram,
1319 2007 1356 2080 dr
1377 2027 1498 2081 manes
1515 2005 1565 2082 fa·

505 2128 582 2183 mae
605 2109 827 2189 rumulculoe
854 2111 1103 2193 emendicant.
1122 2124 1183 2185 eut
1205 2120 1354 2189 emunt.
1375 2104 1564 2181 condedit

509 2202 746 2293 hominibus.
769 2209 832 2310 qui
857 2214 999 2305 egregie
1021 2207 1066 2284 de
1087 2205 1167 2305 iplis
1189 2207 1401 2304 praedicent.
1421 2203 1459 2279 dr
1481 2198 1565 2279 offi-

470 2386 472 2391 ,
510 2307 607 2382 ciale
641 2311 887 2394 mentiantur,
914 2327 956 2387 ut
981 2306 1212 2404 dignitatibus
1244 2305 1478 2400 hujumodi,
1506 2301 1563 2379 vel

509 2409 718 2486 muneribus
738 2408 887 2503 publicis
905 2408 1070 2506 gerendis
1091 2427 1166 2484 non
1188 2409 1342 2502 impares
1359 2405 1564 2480 existimen-

506 2518 580 2583 tur·
605 2503 717 2596 ltem,
738 2511 947 2606 quicunque
967 2529 1076 2606 grave
1096 2507 1410 2583 damnuminlerre
1426 2503 1564 2580 mavult

508 2609 709 2704 proximo,
739 2631 848 2703 quam
867 2609 968 2687 lamae
985 2607 1052 2685 luae
1078 2606 1264 2690 discrimen
1283 2604 1423 2682 subiret
1451 2601 1561 2680 Verbi

508 2709 643 2804 gratim
670 2705 874 2785 irmedicua
908 2712 1018 2788 inanis
1043 2710 1169 2806 glorie
1193 2706 1310 2785 lludio
1339 2703 1474 2783 recuset
1499 2725 1562 2780 ac·

377 2900 379 2905 ¹
507 2804 642 2883 ceriere
663 2809 844 2887 medicum
869 2808 1019 2888 alterum
1047 2807 1123 2902 ipio
1148 2806 1245 2882 iorte
1274 2804 1496 2888 doiiiorcm,
1519 2802 1559 2877 de

434 2947 436 2951 ·
507 2907 655 3002 majorir
689 2909 941 3007 experientiae,
964 2922 1006 2987 nt
1036 2907 1225 2985 communi
1249 2903 1399 2983 consilio
1422 2924 1559 2998 aegrum

506 3002 703 3105 periculose
716 3006 937 3086 laborantem
957 3028 1161 3106 procurent.
1198 3006 1286 3093 Vel.
1302 3006 1325 3081 ii
1339 3002 1557 3118 lereologue

505 3103 1559 3314 illibati-‘iilllillilcili-{litliltillz

503 3305 713 3384 doctoribus
731 3308 958 3396 inconsultir.
978 3331 1024 3385 ne
1043 3312 1251 3406 imperitus,
1274 3325 1336 3385 aut
1353 3326 1471 3382 rnrnur
1488 3306 1560 3382 do·

506 3407 583 3483 oua
606 3408 775 3485 videatur·

555 3505 800 3584 Confirmatur
825 3529 872 3583 ex
902 3511 934 3584 S.
956 3502 1091 3602 Augai.
1128 3506 1186 3583 lib.
1209 3523 1266 3582 ιο.
1297 3500 1555 3602 Confeffionmr,

489 3626 580 3702 ‚cap
597 3603 657 3697 36.
674 3664 696 3700 „
711 3663 734 3699 ,‚
761 3607 896 3684 Timeri
920 3609 938 3697 (
949 3611 1090 3705 inpure)
1121 3610 1158 3684 dr
1183 3607 1291 3686 amari
1314 3609 1402 3682 velle
1421 3611 1465 3683 ab
1484 3607 1554 3684 lro·

422 3725 428 3737 ·
502 3709 659 3786 minibus
679 3753 688 3780 r
710 3730 786 3783 non
809 3722 959 3805 propter
997 3709 1117 3792 aliud.
1144 3709 1202 3786 l'ed
1228 3727 1268 3786 ut
1294 3707 1376 3781 inde
1400 3703 1442 3780 lit
1462 3729 1556 3800 geu.

498 3808 637 3893 dium,
657 3805 758 3904 quod
782 3831 858 3885 non
880 3808 931 3884 eli
950 3813 1155 3907 gaudium,
1180 3811 1298 3886 mil'era
1326 3808 1395 3881 nita
1420 3807 1493 3892 eli,
1514 3810 1554 3885 dr

500 3904 600 3982 foeda
615 3906 786 4002 jallantia.
818 3906 913 3984 Hinc
934 3912 996 3992 lit,
1014 3910 1069 3985 vel
1090 3912 1245 3984 maxime
1260 3927 1336 3981 non
1357 3927 1475 3981 amare
1496 3922 1549 3996 te.

500 4027 571 4081 nec
596 4009 687 4082 calie
713 4014 839 4083 timere
868 4023 915 4088 te.
953 4010 1114 4103 ideoque
1152 4024 1191 4084 tu
1222 4004 1378 4101 superbie
1407 4007 1551 4090 reliliie·

499 4099 695 4182 humilibus
720 4130 839 4184 autem
860 4107 922 4182 dar
947 4113 1151 4204 gratiam..
1179 4107 1304 4204 ltaque
1324 4107 1428 4181 nobie
1456 4131 1552 4206 quo.

499 4207 597 4279 niam
621 4224 771 4304 propter
792 4209 954 4304 quaedam
970 4207 1134 4283 humanae
1150 4203 1327 4282 'societatis
1348 4200 1466 4282 officia
1487 4232 1550 4284 ne·

498 4301 682 4384 'cellarium
704 4308 752 4381 eli
779 4309 906 4391 amari.
930 4307 968 4380 dr
993 4309 1109 4383 timeri
1133 4314 1177 4382 ab
1197 4305 1426 4384 hominibus-r
1444 4307 1549 4388 instet

498 4404 711 4482 adversarius
741 4429 832 4481 verae
865 4410 1090 4482 beatitudinis
1115 4408 1269 4484 nostrae,
1294 4410 1429 4502 ubique
1453 4405 1561 4501 spar-

497 4522 587 4601 gene
605 4509 653 4583 in·
668 4508 826 4601 laqueius
850 4529 966 4605 euge,
982 4529 1076 4604 euge
1090 4530 1103 4602 3
1133 4523 1174 4586 ut
1200 4511 1290 4588 dum
1318 4507 1420 4619 avide
1443 4506 1545 4587 colli·

1221 4682 1260 4691 ,,
1346 4626 1493 4702 ,prmum
