3800 5417
573 561 643 653 De
668 556 854 661 Persam
886 555 1146 681 capitalibus}
1291 514 1378 673 665*
1425 538 1427 542 ’

322 729 482 833 quiriad
500 735 667 811 notitiam·
681 732 828 828 alicujus
862 732 1095 814 detraiiiones
1121 745 1246 814 contra
1259 735 1375 834 ipsum
1485 794 1488 799 -

321 836 441 921 fadar,
461 836 614 911 aliorum
647 834 875 912 relationibus
898 837 1092 931 pervenire.
1134 833 1179 913 Et
1204 852 1291 914 tunc
1321 836 1373 915 lui
1531 922 1535 929 ,

319 936 454 1014 arbitrii
477 934 527 1011 est
543 989 555 1021 .
570 933 824 1011 detrimentum
851 932 919 1012 luae
942 933 1044 1011 fame
1075 938 1176 1032 pati,
1204 934 1267 1012 niis
1298 934 1374 1014 hoc

322 1037 498 1133 vergatin
525 1031 723 1129 periculum
743 1032 908 1110 aliorum·
933 1032 979 1111 Et
995 1034 1078 1111 ideo
1101 1038 1138 1111 in
1157 1034 1231 1113 hoc
1256 1035 1374 1130 potest
1443 1106 1449 1117 .

323 1133 570 1215 commendari
591 1136 665 1229 elus
688 1135 876 1228 patientia,
892 1132 995 1232 quod
1015 1135 1185 1229 patienter
1209 1139 1373 1232 propriae

322 1235 560 1313 detradiones
587 1232 759 1311 sustineat·
796 1232 886 1309 Non
914 1232 965 1311 est
983 1247 1103 1311 autem
1126 1233 1189 1312 iot
1219 1237 1373 1323 arbitrii.

323 1335 426 1435 quod
449 1336 601 1434 patiatur
626 1331 880 1412 detrimentum
904 1333 1007 1410 famae
1034 1333 1206 1426 alterius;
1229 1332 1374 1411 &ideo

323 1438 363 1513 in
384 1433 528 1532 culpam
550 1436 582 1509 ei
618 1432 791 1517 vmtitur,
817 1432 844 1510 u
871 1457 947 1511 uon
970 1430 1121 1520 refistit,
1154 1456 1238 1511 cum
1292 1431 1375 1511 ollrt

323 1533 504 1613 relistere‚
530 1531 654 1615 eadem
679 1536 838 1620 ratione,
857 1555 926 1631 qua
953 1548 1092 1612 tenetur
1116 1531 1240 1630 aliquis
1260 1456 1375 1612 Krble·

323 1657 405 1712 vare
422 1632 558 1711 alinum
581 1632 721 1710 alterius
749 1633 928 1727 jacentem
964 1631 1025 1709 sub
1046 1656 1187 1720 onere,
1215 1646 1257 1711 ut
1283 1655 1374 1732 pras·

324 1736 456 1833 cipitur
479 1730 593 1812 Deut.
606 1748 666 1812 aa.
697 1787 721 1822 „
738 1776 774 1822 „·
798 1729 1046 1820 Nemrefert.
1076 1733 1372 1908 quoffidetrailio
1529 1770 1532 1777 ⁴

322 1831 502 1912 interdum
527 1832 630 1910 cedat
656 1834 693 1907 in
715 1854 841 1909 eorum
865 1831 1080 1917 utilitatem.
1106 1836 1168 1930 qui
1195 1857 1235 1909 us
1257 1831 1373 1911 detra·

313 1932 430 2013 bitur.
459 1934 497 2013 Si
514 1955 595 2031 qoae
621 1933 719 2007 enim
741 1931 868 2010 utilitas
884 1953 929 2007 ex
944 1929 1163 2008 detrattione
1181 1937 1370 2026 provenit:

324 2084 348 2125 ‚,
364 2088 387 2124 „
416 2029 506 2110 Non
529 2024 580 2109 est
607 2016 654 2107 ei
676 2031 879 2108 intentione
903 2028 1140 2109 neomeniis.
1155 2029 1213 2107 led
1234 2054 1280 2109 ex
1300 2026 1373 2109 Dei

325 2131 573 2211 ordinatione,
587 2131 649 2227 qui
672 2151 719 2206 ex
737 2127 899 2227 quolibet
916 2129 1013 2208 malo
1031 2128 1126 2207 elicit
1146 2131 1297 2208 bonum·
1327 2128 1391 2229 itt

325 2231 409 2308 ideo
434 2229 665 2309 nihilominus
682 2229 732 2305 est
745 2229 997 2307 detrailoribus
1012 2226 1265 2321 relistendum3
1281 2230 1373 2310 licut

324 2331 366 2419 &¹
383 2331 603 2428 raptoribus,
626 2325 682 2406 vel
712 2322 976 2425 opprelloribus
1015 2327 1190 2409 aliorum.
1208 2331 1371 2429 quamtis

326 2454 374 2507 ex
399 2430 472 2509 hoc
498 2424 689 2526 opprellis,
714 2423 771 2505 vel
792 2426 946 2526 spoliatis
972 2430 1140 2507 meritum
1157 2434 1289 2509 orel'cat
1311 2484 1370 2525 „,.

325 2532 463 2625 (inquit
495 2536 529 2612 S.
550 2527 691 2609 Thomas
720 2526 880 2615 ibidem.
902 2533 940 2605 in
970 2525 1197 2625 responlione
1223 2528 1268 2607 sd
1302 2526 1372 2625 3.)

322 2628 492 2709 Praeterea
518 2626 687 2705 detraitio
732 2617 900 2705 rarillimu
918 2629 1069 2705 tentatio
1085 2626 1136 2703 est
1156 2626 1309 2722 respeiiu
1328 2628 1374 2705 il-

322 2731 411 2818 lius,
427 2731 529 2825 cujus
540 2727 632 2805 lama
645 2650 807 2805 viofitur·
831 2725 938 2806 Unde
953 2724 1129 2821 80Augail.
1143 2724 1295 2822 Epistola
1308 2736 1373 2822 78·

321 2831 402 2907 alias
418 2846 501 2925 137.
513 2832 583 2904 ait:
603 2883 660 2920 „‚,
681 2825 805 2920 Quem
832 2824 997 2904 diabolus
1022 2848 1099 2906 non
1119 2827 1237 2923 p'otell
1257 2828 1372 2905 devo·
1493 2904 1500 2919 ,

324 2950 400 3013 rare
418 2927 596 3005 seduilum
621 2926 665 3002 ad
686 2928 904 3024 nequitiam,
921 2924 1051 3003 famam
1068 2925 1172 3024 ipsius
1185 2930 1370 3027 inquinare

324 3042 496 3113 conatur,
515 3024 615 3113 ut,li
636 3023 709 3102 fieri
722 3025 858 3125 potest,
871 3027 1075 3124 opprobriis
1095 3025 1285 3126 hominum
1300 3082 1312 3115 ,
1329 3028 1370 3103 dt

322 3126 493 3204 malamm
515 3126 717 3223 linguarum
747 3124 964 3203 detrailiooe
993 3123 1134 3202 deficiat
1155 3180 1166 3212 ,
1191 3126 1228 3201 dr
1256 3126 1370 3205 isoio

323 3229 399 3318 ejus
417 3224 533 3303 lauces
550 3243 628 3303 ruat
652 3280 675 3317 ‚‚
689 3280 725 3319 „.
760 3222 1012 3318 Quamobrem
1036 3226 1073 3302 dt
1093 3227 1124 3302 ei
1141 3270 1152 3303 2
1172 3228 1232 3321 qui
1253 3226 1370 3303 detra-

323 3325 379 3405 hit
397 3372 409 3401 r
439 3326 477 3401 dt
498 3327 668 3421 ei,cujus
694 3323 796 3409 famae
814 3324 1034 3407 detrahitur,
1053 3322 1236 3404 subvenire
1261 3326 1369 3405 debet

323 3424 528 3604 chffiliianus
553 3422 670 3505 homo
689 3422 878 3502 relilleodo
893 3424 1099 3512 detradlori,
1112 3433 1285 3520 quantum
1298 3450 1370 3526 po·

554 3704 877 3794 REGULli
929 3706 1135 3796 xxvtl.

324 3864 590 3949 Detraiiionern
612 3869 827 3946 detraiiione
841 3867 986 3946 elidere,
1001 3869 1213 3949 calumniam
1233 3868 1368 3949 calum·

376 3972 432 4044 nia
456 3972 621 4065 repellere
644 3992 828 4069 nunquam
852 3970 934 4047 licet
956 3997 969 4063 3
992 3992 1060 4046 uec
1093 3972 1222 4071 abique
1248 3970 1368 4051 lethali

372 4086 521 4163 peccato
559 4070 634 4145 fieri
661 4070 788 4166 potest.

324 4221 394 4385 Id
419 4225 514 4306 enim
532 4222 665 4330 ¹Chrilli
688 4239 868 4321 precepto
893 4220 1021 4305 directe
1037 4225 1256 4316 adversator,
1281 4250 1371 4323 prae·

325 4390 327 4395 .
382 4337 491 4414 cepto
528 4324 731 4410 charitatis.
772 4343 952 4422 praecepto
989 4325 1181 4406 christianae
1220 4327 1369 4421 jullrnat·

322 4420 458 4499 Matth.
474 4444 506 4512 ς.
533 4427 604 4515 hgo
629 4442 738 4493 autem
755 4431 828 4495 diro
849 4422 942 4494 vobrr
955 4478 968 4511 ,
982 4451 1043 4497 non
1064 4424 1203 4516 restitere
1220 4444 1365 4508 matu..

321 4517 471 4617 Driigitr
496 4525 645 4601 inimicos
672 4517 829 4611 uestros,
861 4518 1040 4616 benefacite
1052 4527 1104 4600 lrir
1122 4578 1134 4609 ,
1154 4533 1211 4624 qui
1230 4528 1368 4601 oderunt
1400 4618 1403 4625 Ι

1234 4646 1317 4711 0055
