3800 5417
464 647 467 655 ·
532 578 604 677 De
622 581 808 713 Ρθῦῦδῒίδ
828 578 1091 701 ωΡίὲιΙίὴιιεζ,
1125 640 1148 653 .‚
1272 602 1364 709 4¹)

308 753 393 923 D
406 716 529 850 uvie'x'
558 754 759 850 periculum
780 716 805 836 a
839 712 1019 835 creditore
1060 751 1183 859 suscipi
1210 711 1355 855 po'test',
1373 725 1545 882 gfflffi

416 878 531 935 unum
543 854 643 942 faeti,
660 869 790 937 mutuo
808 855 1036 937 intrinsecum
1048 874 1178 954 ,atque
1189 856 1354 939 insrtum,
1371 900 1465 947 unum
1481 880 1553 953 eru

304 976 391 1038 curn
415 977 490 1032 reor
509 958 606 1032 suam
616 971 746 1032 nautuo
757 954 1048 1045 dandmdubiie,
1065 956 1281 1056 ,incertisque
1299 978 1354 1047 ro·
1370 958 1452 1034 eliud
1475 957 1562 1042 juria

305 1077 388 1135 rum
414 1054 650 1135 humanarum
663 1053 797 1133 ouuua
812 1056 966 1151 exponit
980 1103 995 1143 ,
1009 1078 1086 1147 non
1111 1070 1231 1137 temen
1254 1056 1354 1151 debi-

304 1167 428 1247 torem,
452 1153 566 1252 ipsum
582 1154 802 1250 obligatione
818 1153 977 1234 solvendi
988 1156 1111 1234 liberat
1130 1176 1143 1247 ;
1164 1157 1245 1241 eei,
1265 1178 1354 1236 cum

306 1254 371 1333 dut
384 1272 550 1332 mutuum
561 1278 600 1330 ea
612 1254 709 1352 iege,
721 1268 763 1335 ut
782 1253 1028 1353 periculumiu
1044 1255 1077 1332 se
1092 1252 1251 1356 suscipiat
1265 1255 1355 1337 ,tii-

307 1367 364 1431 ter
385 1372 552 1433 mutuum
590 1377 666 1431 non
696 1353 868 1433 daturus.
887 1376 933 1432 eo
961 1378 1007 1433 oe
1035 1360 1185 1434 nomine
1219 1351 1352 1451 aliquid

309 1377 1355 1655 teetrerererrentuissriiianee

292 1682 296 1701 ··
310 1650 472 1752 quodam
491 1670 622 1731 mutuo
645 1653 813 1747 adjuncto
833 1651 994 1747 suscipit,
1007 1677 1049 1733 ac
1063 1657 1355 1733 debitorem'ob·

309 1751 483 1852 ligatione
511 1752 670 1831 solvendi
696 1753 829 1829 liberat
877 1750 1028 1848 Propter
1048 1754 1247 1854 periculum
1273 1750 1356 1833 faor

309 1851 446 1953 aliquid
466 1852 557 1937 ultra
577 1851 709 1929 sortem
732 1855 898 1950 exigere,
918 1852 1018 1929 usura
1048 1852 1106 1932 eii
1129 1853 1226 1934 Cum
1256 1858 1355 1935 coitu

312 1969 482 2037 mutuum
502 1976 565 2050 per
585 1950 732 2049 seipsum
761 1953 959 2051 gratuitum
987 1952 1057 2050 srt3
1077 1952 1254 2054 quidquid
1273 1950 1368 2035 mu·'

311 2066 380 2139 tuo
403 2051 561 2130 cohaeret
586 2054 783 2151 gratuitum
801 2054 906 2131 etiam
924 2048 992 2129 esse
1013 2052 1131 2130 debet.
1156 2050 1359 2135 Periculum

312 2173 426 2251 porro
445 2153 524 2231 iasii
547 2170 678 2231 mutuo
699 2150 762 2247 ipfi
786 2149 966 2235 cohaeret,
989 2170 1097 2254 atque
1116 2152 1259 2233 infituot
1282 2151 1359 2242 esti

313 2251 486 2349 siquidem
515 2276 569 2329 ree
586 2265 716 2339 mutuo
736 2253 837 2338 data.
852 2255 889 2328 &
914 2254 951 2328 in
971 2252 1171 2333 dominium
1188 2251 1361 2335 debitorie

314 2349 482 2430 transient
505 2396 516 2432 ,
537 2354 638 2433 variis
658 2354 813 2431 fortune
837 2351 971 2434 cafibue
1000 2354 1050 2430 est
1077 2377 1121 2429 ea
1150 2353 1236 2431 ofin
1255 2407 1266 2439 ,
1285 2350 1363 2441 fieri

315 2456 448 2545 potest,
475 2467 515 2530 ut
537 2451 608 2550 ipse
625 2451 768 2537 debitor
787 2450 831 2533 ed
845 2453 1002 2544 inopiam
1024 2454 1104 2531 reda
1141 2475 1182 2532 ue
1202 2454 1260 2543 reri
1277 2451 1365 2539 alie·

315 2573 368 2627 no
391 2550 563 2629 solvendo
583 2554 696 2648 impar
712 2549 798 2640 fiat3
826 2544 935 2649 igitur
956 2552 1154 2648 pericolum
1177 2549 1263 2648 iliud
1280 2548 1363 2629 faur

314 2652 353 2727 io
366 2667 495 2729 mutuo
512 2652 757 2732 aestimandum
771 2673 846 2729 non
865 2652 915 2729 est
929 2699 941 2736 ,
955 2675 1023 2731 nec
1039 2656 1176 2731 ratione
1193 2651 1285 2728 iliius
1299 2645 1363 2726 aii.

315 2750 403 2848 quid
423 2752 512 2828 uitro
530 2752 661 2829 sortem
682 2758 845 2849 exigere,
860 2767 921 2831 aut
938 2756 1095 2851 recipere
1108 2751 1201 2831 iicet.
1231 2747 1365 2833 Eteet'·

315 2864 353 2928 te
378 2852 402 2926 ii
423 2870 570 2949 propter
589 2853 787 2946 periculum
803 2850 880 2928 sosii
901 2897 912 2930 ,
934 2853 1036 2951 quod
1059 2870 1189 2943 mutuo
1204 2848 1367 2955 intrinie·
1447 2924 1450 2928 ,

315 2973 401 3028 cum
425 2953 497 3034 est,
517 2952 637 3033 liceret
660 2951 792 3046 aiiqnid
819 2949 944 3043 pacisci
968 3005 979 3035 .
1003 2965 1066 3031 out
1094 2953 1250 3048 recipere
1272 2948 1365 3030 ultre

316 3048 703 3148 inremuneratum
730 3054 873 3147 exigere
894 3074 913 3128 a
935 3052 1148 3149 pauperibus
1169 3112 1183 3145 ,
1213 3071 1322 3149 quam
1343 3070 1366 3130 ι

317 3149 557 3230 divitibue,&
583 3154 861 3236 mercatoribus,
882 3153 963 3249 quia
979 3175 1033 3228 tes
1054 3166 1185 3230 mutuo
1205 3150 1287 3228 datu
1297 3149 1366 3246 nti·

318 3271 386 3328 nus
407 3247 582 3328 securaeii
600 3251 695 3346 apud
711 3275 905 3349 pauperes,
922 3274 1030 3349 quarn
1050 3250 1147 3348 apud
1165 3250 1309 3336 divites,
1325 3248 1365 3327 δι

318 3349 604 3443 mercatores;id
625 3369 744 3429 autern
780 3374 846 3428 nec
862 3350 925 3448 ipfi
948 3350 1128 3429 usurarum
1154 3351 1296 3445 petroni
1312 3345 1369 3423 di.
1431 3387 1444 3421 t

318 3452 446 3526 xorint.
476 3446 602 3532 Tertio
617 3505 628 3536 .
641 3474 727 3527 cum
743 3451 885 3527 debitor
905 3454 940 3526 in
959 3472 1214 3550 quemcunque
1239 3448 1369 3531 statum

318 3549 584 3642 deveniet.out
606 3573 827 3649 quocunque
845 3549 923 3626 casu
948 3574 1002 3625 ree
1029 3567 1165 3646 pereat,
1187 3547 1372 3637 nihilomi-

317 3672 387 3726 nus
405 3662 548 3728 'maneat
561 3650 740 3747 obligatus
756 3650 799 3724 ad
818 3647 1022 3731 soluendam
1045 3646 1174 3727 sortem
1191 3655 1369 3743 integram

318 3750 512 3833 creditori,
527 3750 751 3832 manifestum
764 3749 832 3831 est,
845 3748 903 3828 id,
922 3747 1023 3845 quod
1044 3749 1132 3826 uitta
1145 3747 1274 3831 sortem
1294 3747 1373 3823 exi·

318 3850 440 3944 gitur,
455 3871 498 3931 ec
519 3853 733 3948 percipitur,
750 3850 846 3946 exigi
858 3903 871 3936 .
885 3869 927 3925 ac
942 3849 1075 3944 percipi
1093 3850 1231 3925 ratione
1242 3846 1371 3927 mutui,

321 3951 412 4031 Vuit
431 3952 551 4035 enim,
576 3951 613 4027 δι
637 3950 842 4048 paciscitur,
871 3965 909 4028 ut
929 3948 1030 4029 sortis
1051 3947 1247 4042 perieulum
1274 3943 1318 4033 ed
1337 3941 1375 4029 sp

319 4053 475 4129 omnino
497 4051 696 4147 pertineat,
716 4050 797 4126 ains
822 4062 990 4130 mutuum
1016 4071 1091 4124 non
1112 4045 1286 4131 daturus,
1307 4040 1374 4124 sse·

279 4171 286 4176 ·
320 4175 391 4250 que
413 4171 461 4224 ex
484 4167 613 4224 mutuo
628 4149 704 4228 vuit
723 4147 893 4246 consequi
917 4150 1057 4232 lucrum
1087 4169 1164 4224 non
1195 4143 1372 4231 mediate.

321 4249 381 4328 sed
404 4248 583 4326 mediante
610 4247 829 4348 susceptione
853 4248 1026 4343 periculi,
1058 4246 1159 4350 quod
1180 4243 1376 4331 usurarium

322 4348 390 4425 esse
400 4348 539 4429 constat
559 4372 606 4426 ex
620 4372 698 4445 cap.
710 4352 907 4443 Navigonrr'
919 4347 1025 4435 ,ofixc
1044 4351 1094 4418 Da
1109 4347 1247 4434 Ufurir,
1275 4341 1378 4443 quod

322 4450 481 4543 Gregorii
500 4451 568 4524 IX.
595 4447 799 4539 responsum
826 4450 887 4526 err
923 4501 979 4538 „„
1003 4445 1195 4543 Navigant
1213 4437 1382 4537 (inpare)

324 4551 383 4631 cel
393 4549 492 4632 eunti
502 4547 546 4627 ao
561 4549 748 4670 nundinpe,
764 4566 901 4740 Berzeo}
910 4562 1077 4629 mutuent
1090 4548 1383 4724 mamistam
