3800 5417
406 708 409 713 .
473 725 481 740 s
591 588 663 684 De
688 587 875 687 Precatio
900 587 1161 712 anathor:
1316 604 1405 713 783⁸

354 759 567 852 mnne.
582 762 744 843 satisfecit
758 789 824 867 per
843 770 1049 862 patientiam
1065 768 1309 849 misericordiae
1324 792 1403 853 ma·

409 892 459 949 m.
489 861 639 944 Taceo,
665 867 767 964 quod
788 864 931 964 figitur,
957 870 994 945 in
1024 870 1098 948 hoc
1123 874 1220 948 enim
1244 884 1402 957 tenuat.

393 965 533 1064 ooqoid
559 983 679 1043 nmen
702 963 892 1044 subeunde
913 969 1024 1045 morti
1044 973 1150 1049 etiam
1174 968 1403 1051 contumeliie

353 1090 449 1165 opoa
473 1065 618 1143 fuerat?
638 1061 708 1142 Sed
732 1064 878 1165 saginari
910 1067 1095 1161 voluptate
1133 1071 1311 1167 patientiae
1336 1067 1405 1146 dii·

352 1164 507 1249 ceffurua
529 1164 682 1243 ¹volebat
712 1162 930 1265 Despuitor,
953 1169 1181 1256 verberatur,
1201 1168 1404 1251 deridetur·

331 1261 460 1347 'ioedia
481 1263 646 1353 vestitor,
665 1265 878 1346 foedioriboa
902 1283 1122 1355 coronatura
1137 1266 1232 1347 Mira
1247 1270 1407 1367 aequania

352 1367 482 1447 mitatia
502 1362 606 1443 fides!
630 1362 706 1459 Qui
727 1368 765 1443 in
786 1365 941 1445 hominia
961 1365 1075 1467 figura
1094 1366 1327 1467 proposuerat
1351 1367 1408 1451 raa

353 1480 449 1551 terr,
467 1465 554 1543 nihil
567 1467 612 1542 de
626 1468 845 1563 impatientia
862 1466 1020 1551 hominia
1040 1471 1196 1547 imitatae
1214 1466 1276 1552 est,
1304 1464 1405 1549 Hine

353 1564 412 1645 vel
432 1566 589 1659 manime
611 1562 767 1644 Phariiaei
781 1563 988 1649 Dominum
1014 1565 1207 1665 agnoscere
1227 1566 1407 1649 debuistis.

353 1668 560 1846 gatientiam
576 1662 792 1763 hujusmodi
819 1690 931 1746 nemo
947 1665 1139 1747 hominnm
1164 1679 1407 1766 perpetraret&

391 1765 476 1852 alia,
489 1780 659 1862 tantaque
677 1766 915 1854 documenta,
935 1788 1095 1865 qoorom
1111 1766 1325 1866 magnitudo
1340 1789 1408 1866 pe·

355 1889 421 1947 oea
441 1868 604 1943 nationes
625 1865 773 1964 quidem
789 1865 995 1946 detradatio
1015 1864 1098 1945 fidei
1120 1866 1193 1955 eii.
1208 1890 1317 1967 peoea
1334 1888 1407 1946 noe
1431 1924 1435 1931 -

357 1989 447 2046 vero
470 1969 587 2052 ratio.
612 1964 649 2043 dt
674 1965 856 2044 instructio
869 2013 880 2047 2
894 1965 974 2045 satia
994 1981 1116 2065 aperte
1137 1988 1214 2046 noo
1236 1965 1408 2045 sermoni-

355 2068 427 2145 bur
448 2065 564 2143 naodo
587 2066 625 2141 in
648 2065 909 2166 praecipiendo,
928 2065 987 2145 sed
1008 2069 1114 2145 etiam
1136 2064 1350 2165 parionibus
1366 2070 1408 2151 itt

356 2163 588 2252 iofflnendo,
610 2168 764 2258 probant
783 2166 858 2255 hia.
878 2168 1007 2266 qoiboe
1019 2167 1164 2244 caedere
1183 2164 1315 2263 datum,
1328 2166 1407 2257 est.

357 2265 563 2365 patientiam
588 2262 657 2351 eise
674 2262 745 2344 Dei
766 2285 948 2354 naturam,
970 2262 1156 2351 effecum.
1182 2266 1219 2344 de
1243 2266 1408 2364 ptaestao·

359 2369 446 2447 tiam
474 2365 645 2464 ingenitae
673 2366 856 2463 cujusdam
877 2359 1298 2464 propnetamigitmfl
1320 2388 1407 2462 pro·

359 2467 428 2545 boa
449 2466 612 2562 quosque
637 2463 786 2545 servor,
811 2466 849 2543 dt
878 2467 985 2544 bonae
1011 2466 1142 2543 mentia
1168 2488 1236 2565 pro
1256 2469 1408 2563 ingenio

357 2564 546 2643 dominico
578 2565 775 2644 conversari
808 2564 1004 2652 videmur,
1031 2581 1169 2664 quanto
1200 2567 1312 2661 magia
1336 2588 1407 2644 noa

358 2663 554 2745 mundum
568 2659 774 2744 Dominum
789 2682 949 2744 motator
967 2667 1117 2742 inveniri
1134 2663 1309 2763 oportet?
1324 2662 1407 2742 Ser·

360 2786 428 2842 toa
455 2766 586 2843 scilicet
608 2761 678 2842 Dei
706 2766 799 2850 viai.
825 2766 928 2858 cojur
948 2765 1120 2858 judicium
1147 2773 1185 2843 in
1205 2762 1307 2850 suos,
1329 2786 1410 2843 non

360 2864 399 2943 in
419 2863 624 2961 compede,
647 2879 708 2943 aot
725 2863 822 2957 pileo
847 2865 995 2942 vertitur
1015 2917 1027 2949 ,
1063 2864 1122 2941 sed
1149 2867 1186 2942 io
1213 2862 1410 2943 aeternitate¹

361 2957 1219 3164 tentantidentitatis
1242 2964 1413 3162 atti

516 3119 526 3141 e
1224 3109 1236 3147 ἱ
1390 3104 1412 3131 ⁸

304 3220 327 3371 ς
364 3176 467 3381 ‘aa
483 3161 914 3380 atticiano
1025 3259 1128 3341 ιι,
1150 3206 1325 3381 ‹m›
1346 3266 1411 3361 „a
1532 3334 1537 3357 ,

305 3406 307 3417 ·
365 3375 489 3441 trenna
508 3361 727 3448 illuminata,
747 3384 830 3438 cum
852 3386 887 3439 ιιι
906 3382 1067 3443 nattooea
1092 3363 1318 3458 seminaretur
1344 3383 1414 3458 per,
1671 3387 1677 3399 ·

305 3470 308 3515 ²
366 3461 485 3542 femen
515 3461 682 3549 Abrahae,
703 3463 802 3561 quod
827 3462 876 3540 est
900 3460 1137 3550 Christum&
1164 3464 1315 3561 gratiam
1338 3461 1413 3560 legi

309 3606 311 3611 ·
366 3561 640 3658 ioperdoceret‚
669 3559 902 3659 ampliandae,
925 3562 1233 3662 adimplendaeque
1254 3564 1324 3661 legi
1348 3562 1438 3639 ad.'

304 3674 312 3730 i
365 3662 533 3761 latricem
554 3662 650 3739 suam
672 3663 876 3759 patientiam
896 3660 1074 3759 praefecit,
1093 3662 1193 3762 quod
1214 3685 1256 3739 ea
1272 3660 1341 3739 sola
1362 3655 1412 3739 ad

304 3771 314 3836 i
367 3762 506 3858 iustitia
524 3760 721 3839 doctrinam
740 3775 836 3839 retro
854 3757 1024 3840 defodiet
1053 3759 1148 3839 Nam
1171 3761 1259 3839 olion
1272 3762 1308 3839 da
1323 3783 1415 3839 ocu·

305 3876 316 3936 t
367 3864 447 3939 lam
469 3885 538 3958 pro
559 3864 671 3940 oculo
692 3909 702 3942 ‚
721 3863 758 3937 dt
781 3861 925 3940 dentem
953 3883 1021 3960 pro
1050 3860 1158 3940 dente
1181 3863 1413 3959 repetebant,

304 3978 316 4044 t
368 3960 408 4038 dt
429 3961 564 4039 malum
586 3961 682 4040 malo
702 3960 934 4040 foenerabant
963 3958 1142 4040 Nondum
1161 3963 1258 4039 enim
1277 3963 1415 4058 patien-

304 4076 318 4145 t
369 4062 420 4140 tia
439 4062 477 4138 in
496 4063 621 4147 terrie,
644 4064 727 4161 quia
749 4083 816 4138 nac
837 4060 934 4140 fides.
970 4060 1112 4140 Scilicet
1137 4063 1278 4139 interim
1299 4063 1415 4155 impa-

304 4190 321 4243 ι
368 4160 491 4239 tientia
513 4159 759 4240 occaiionibua
772 4162 859 4261 legia
878 4159 1070 4241 fruebatur·
1094 4158 1209 4239 Facile
1233 4177 1330 4243 erat.
1351 4160 1419 4234 ab·

304 4251 323 4344 i
370 4257 468 4337 sente
483 4257 652 4339 Domino
666 4261 1113 4359 patientiae‚&magistro;
1140 4262 1203 4361 qui
1223 4259 1415 4360 postquam

304 4370 325 4443 'd
368 4358 600 4458 supervenit,
629 4363 667 4438 da
697 4363 846 4459 gratiam
872 4358 955 4436 fidei
988 4361 1155 4458 patientia
1185 4357 1420 4456 composuit·

305 4452 327 4539 a'-
369 4459 444 4557 jam
463 4481 531 4537 nec
551 4463 662 4538 verbo
685 4459 831 4560 quidem
855 4455 1036 4547 laceffere,
1061 4483 1129 4538 nec
1151 4458 1246 4539 fatue
1271 4456 1421 4555 quidem

304 4563 330 4639 :i
371 4560 491 4644 dicere
513 4557 584 4636 fine
606 4561 728 4656 judicii
745 4559 906 4660 periculo
932 4561 1026 4654 iicet·
1060 4557 1243 4655 Prohibita
1261 4558 1340 4640 ita,
1366 4577 1426 4637 aa·

304 4678 332 4741 r¹
422 4657 646 4745 Imm
784 4733 786 4737 .
877 4655 1024 4750 Ddd
1166 4763 1169 4769 Ι
1289 4655 1379 4757 viiti-
