3800 5417
560 550 630 676 De
657 549 845 676 Peccatis
868 534 1154 699 capitalibus?
1294 562 1383 697 '431‘
1408 684 1412 689 .

327 757 428 858 quir)
457 780 630 856 generum
659 757 703 834 ad
731 757 861 835 frudun
890 755 1140 856 possessionum
1163 814 1174 844 ‚
1202 781 1282 856 quae
1310 756 1373 837 srbi
1461 807 1477 831 κ

323 885 345 939 a
369 860 495 936 socero
517 859 596 933 funt
616 881 686 954 pro
713 866 902 933 numerata
918 858 1005 935 dote
1018 860 1162 956 pignori
1183 857 1369 956 obligatae,

323 957 590 1057 computandos
612 961 646 1032 in
674 956 831 1034 sortem,
858 981 932 1032 non
956 959 1132 1036 credimur
1149 957 1369 1050 compelien-

324 1062 444 1152 dum;
471 1083 556 1136 cum
587 1057 789 1154 frequenter
813 1055 908 1131 dorin
937 1044 1069 1136 fruens
1097 1082 1173 1135 non
1197 1054 1368 1136 sufficiant

321 1160 503 1259 ad3onera
527 1158 744 1233 matrimonii
768 1154 1007 1252 supportanda
1032 1208 1100 1250 „„.
1128 1159 1176 1235 At
1195 1162 1365 1245 maritus,

322 1263 384 1356 qui
408 1258 540 1335 fruens
562 1256 640 1332 iilos
671 1257 819 1352 percipit
839 1311 849 1341 ,
869 1279 936 1331 nec
966 1272 1086 1332 tamen
1113 1281 1220 1334 onera
1247 1260 1367 1333 matri·

322 1358 615 1440 moniishstinet,
639 1357 731 1450 ipsos
751 1370 891 1431 tenetur
915 1357 952 1430 in
981 1355 1112 1432 sortem
1133 1369 1366 1453 computare,

316 1452 481 1554 'alioquin
512 1456 646 1549 usupam
674 1460 928 1532 committeret·
956 1450 1043 1532 ldeo
1066 1455 1198 1535 fruens
1228 1460 1276 1531 rei
1298 1454 1367 1532 do-

322 1557 494 1633 talisante
506 1558 774 1631 matrimonium
796 1557 977 1650 percepti,
999 1572 1060 1632 aut
1079 1557 1180 1654 post,
1194 1553 1366 1632 fineone·
1492 1618 1494 1623 .

322 1674 404 1732 rum
429 1656 671 1753 susceptione,
697 1656 822 1730 dotem
852 1668 1009 1750 augent,
1031 1652 1201 1751 fiuntque·
1217 1657 1364 1743 uxoris,
1483 1736 1489 1749 ,

319 1746 398 1830 'eron
423 1760 549 1831 mariti·
575 1752 826 1849 Quamobrem
847 1753 1090 1830 tenesmum
1113 1754 1288 1850 pertinens
1312 1754 1368 1851 pi·

321 1877 415 1952 gnos
438 1858 561 1931 datuur
587 1877 652 1949 pro
676 1855 789 1939 dore,
813 1855 945 1930 sructue
966 1854 1001 1928 in
1024 1855 1184 1932 debitum
1213 1876 1368 1950 compo·

322 1970 396 2031 tare
415 1954 540 2032 debet,
559 1978 626 2031 nee
640 1953 718 2028 iiior
731 1954 908 2039 lucratur,
924 1959 1006 2053 quia
1028 1975 1104 2029 non
1124 1955 1265 2034 sustinet
1277 1948 1389 2029 one·'
1415 2034 1418 2040 ,

251 2052 254 2059 '
321 2074 380 2141 ra,
399 2072 460 2133 aut
479 2055 598 2131 saitem
625 2056 740 2149 potest
764 2056 797 2132 se
820 2052 963 2131 liberare
989 2053 1032 2129 ab
1052 2076 1162 2132 onere
1180 2055 1295 2130 aiendi
1314 2055 1367 2131 vi·

321 2153 455 2236 duam,
475 2153 691 2232 restituendo
716 2157 747 2228 ei
774 2156 913 2251 pignus.
952 2152 1089 2231 Contra
1115 2151 1140 2229 fi
1162 2153 1243 2253 post
1266 2176 1367 2229 mor·

322 2264 396 2330 te'm
416 2255 529 2329 mariti
554 2256 659 2330 resin
687 2258 816 2350 pignus
842 2251 955 2330 riduae
972 2253 1075 2330 detur
1103 2254 1148 2330 ab
1168 2253 1365 2331 haeredibor

323 2356 391 2450 pro
412 2356 630 2430 restitutione
653 2354 771 2436 doris,
794 2352 849 2429 ilia
877 2353 984 2428 debet
1009 2357 1184 2448 imputare
1207 2354 1364 2433 fruitus·

323 2474 415 2546 quos
441 2455 656 2551 perceperit,
682 2457 717 2529 in
742 2451 957 2530 solutionem
978 2452 1070 2527 doris
1084 2458 1098 2537 ,'
1119 2454 1199 2548 quia
1219 2474 1294 2528 non
1310 2450 1327 2526 i
1345 2495 1365 2517 -

322 2550 425 2628 stinet
447 2575 554 2629 onera
575 2555 790 2629 matrimonii
809 2553 927 2630 soluto
944 2553 1184 2628 matrimonio.
1211 2550 1285 2629 Sibi
1300 2553 1365 2627 ita·

322 2672 394 2746 que
415 2651 625 2748 prospiciat,
644 2668 840 2746 curetque,
862 2669 901 2728 ut
923 2674 978 2727 ree
1009 2654 1249 2748 oppignorata
1275 2675 1362 2726 ren·

259 2759 261 2762 ’
321 2753 446 2836 datur,
475 2752 527 2826 vei
555 2751 659 2828 detur
683 2750 743 2830 srbi
762 2754 796 2826 in
821 2752 975 2829 solutum
1000 2773 1069 2850 pro
1091 2753 1187 2827 dote.
1218 2747 1269 2826 sta
1293 2749 1363 2825 do·

320 2867 379 2924 cet
405 2852 653 2933 Panormirenres
678 2851 722 2926 ad
740 2875 816 2946 cap.
836 2847 1039 2933 salubriter,
1057 2849 1137 2927 Ext·
1163 2854 1217 2922 Dr
1231 2846 1361 2935 Usurr't.

321 2947 357 3024 Si
375 2967 493 3025 tamen
516 2953 565 3028 ob
587 2952 711 3027 dotem
739 2974 813 3026 non
836 2950 986 3027 solutam
1007 2951 1177 3027 damnum
1199 2947 1287 3048 passa
1303 2948 1365 3035 fit,

320 3064 384 3124 aut
406 3049 546 3127 lucrum
566 3051 736 3133 amiserit,
761 3051 876 3148 potest
898 3048 1130 3128 accessionem
1156 3052 1307 3149 aliquam
1320 3048 1366 3126 ad

321 3147 448 3322 ῗοῑὲιη
470 3153 632 3247 exigere,
653 3173 695 3227 ac
719 3153 903 3249 percipere
927 3151 972 3228 od
998 3150 1169 3227 damnum
1192 3171 1368 3247 compen·

334 3270 377 3321 au
407 3272 480 3323 um.

372 3347 540 3446 Denique
569 3348 594 3423 fi
621 3373 791 3444 generum
812 3353 904 3426 inter
928 3405 938 3435 ,
970 3349 1006 3423 δι
1028 3347 1187 3426 socerum
1207 3367 1369 3422 convene

321 3459 400 3522 turn
424 3446 492 3532 srt,
520 3464 560 3524 ut
583 3452 649 3525 dos
675 3473 750 3525 non
775 3451 889 3524 statim
916 3447 1091 3531 solvatur,
1113 3447 1169 3521 sed
1186 3448 1371 3533 irrtrace'r·

321 3561 400 3619 tum
428 3564 567 3644 tempos
597 3549 675 3624 data
703 3547 744 3624 fir
772 3550 895 3624 socero
932 3547 1057 3623 dilatio
1087 3546 1271 3636 solvendi;
1296 3545 1372 3620 sru-

324 3646 400 3719 ctus
424 3667 468 3720 ex
491 3651 642 3743 pignore
667 3649 761 3725 dotis
785 3651 940 3744 percepti
962 3647 1198 3742 pendentibus
1221 3644 1371 3720 induciis

323 3752 558 3839 computandi
581 3748 713 3824 suntin
741 3747 893 3829 sortem,
920 3750 1002 3844 quia
1022 3745 1118 3821 socer
1141 3741 1369 3819 nondumest

322 3847 359 3917 in
387 3867 486 3919 mora
514 3845 679 3923 solvendi.
721 3847 799 3922 Nec
829 3847 958 3931 resert,
989 3847 1088 3940 quod
1117 3866 1227 3920 onera
1249 3844 1375 3919 matrin¹

323 3946 438 4017 monii
461 3944 576 4025 serat,
599 3952 680 4043 quia
708 3947 767 4021 etsr
794 3969 945 4023 uxorem
975 3941 1125 4019 duxisset
1147 3940 1370 4020 indotatam·

324 4043 558 4120 nihilominus
572 4069 678 4120 onera
694 4046 804 4121 subire
823 4062 1009 4123 teneretur.
1039 4038 1127 4118 Haec
1141 4041 1261 4116 omnia
1279 4060 1371 4113 con·
1412 4082 1418 4091 ·

323 4140 438 4216 firmat
461 4149 493 4213 s.
517 4150 702 4215 Antoninus
729 4142 766 4219 P.
782 4163 815 4215 2.
843 4150 954 4223 tit-1.
986 4162 1067 4240 cap,
1085 4162 1121 4235 7.
1155 4142 1213 4215 De
1238 4135 1375 4228 Νίκης

321 4243 365 4311 (r
385 4261 522 4330 mutuo,
538 4252 577 4337 .§.
595 4260 653 4339 27.
676 4257 736 4331 28·
769 4247 806 4323 &
832 4265 894 4334 29.

742 4631 870 4759 Ee'e
