3800 5417
566 537 638 633 De
659 537 1134 662 Peccavit-capitalibus.
1187 603 1191 613 ·
1288 568 1375 659 217

324 719 447 803 eiatirn
467 709 706 813 prohibetur,
729 735 762 790 o
786 717 868 784 cnm
894 709 936 784 ab
953 719 1059 803 inni,
1078 712 1158 797 Exn.
1188 719 1242 791 ne
1269 714 1370 800 Vm,

318 829 368 898 ’σ
390 811 552 902 honestare
574 814 852 899 clericorum&
875 837 908 893 c.
929 820 1121 907 Statorem,
1145 821 1200 896 tit.
1235 824 1286 892 oe
1306 821 1374 893 Re.

322 922 461 1015 leriptis
485 918 521 993 in
554 908 591 984 6.
631 908 729 988 Hinc
754 914 914 990 adversos
940 911 1086 1013 ludices
1112 941 1259 996 munera
1280 924 1375 998 acci·
1517 982 1520 986 r

326 1027 466 1128 pientes
485 1008 691 1116 graviffimae
713 1036 831 1110 poenae
848 1013 983 1092 statutae
999 1016 1080 1095 sunt
1099 1018 1176 1112 jure
1200 1019 1305 1096 civili·
1330 1017 1373 1096 ln

331 1124 432 1202 caula
455 1117 654 1213 pecuniaria
679 1136 746 1207 oro
772 1110 943 1209 promisso
965 1116 1119 1212 duplum
1151 1118 1373 1218 imponitur.

329 1247 401 1327 pro
417 1222 505 1295 dato
523 1212 697 1311 tripluntt
719 1216 754 1289 in
782 1214 977 1301 criminali,
996 1219 1162 1293 omniunt
1191 1221 1375 1311 bonornrn

321 1319 577 1422 proscriptio.
606 1314 642 1387 dc
675 1313 831 1389 exiliunt.
870 1314 976 1409 apud
1008 1312 1195 1395 Romanor
1227 1318 1378 1413 capitale

332 1419 521 1523 quondam
546 1415 681 1490 crimen
709 1411 775 1488 init
802 1414 1004 1489 crelion.
1032 1412 1264 1495 Tabularum.
1295 1416 1379 1494 Mu·

333 1543 463 1601 nerunt
482 1516 636 1611 denique
656 1515 818 1610 quamvis
839 1515 1057 1609 exiguorunt
1078 1523 1241 1615 acceptio
1261 1541 1280 1592 a
1303 1539 1382 1614 par·
1424 1514 1449 1578 -‘

336 1626 433 1702 tibus
459 1615 699 1714 litigantibus,
720 1612 782 1689 sub
807 1636 917 1710 poena
948 1617 1104 1689 criminis
1124 1615 1384 1708 conceffionie,

328 1714 675 1811 ¹&repetundarum
700 1712 878 1810 prohibita
903 1715 952 1789 est
980 1711 1124 1812 Regum
1154 1713 1384 1796 christianilli·

338 1840 485 1902 morunt
505 1811 651 1898 Edidit,
672 1808 925 1898 Aurelianense
942 1829 1008 1890 art·
1019 1834 1079 1908 43.
1107 1814 1299 1895 Molinenfi
1317 1814 1387 1893 ”arn

342 1937 401 2015 19.
432 1911 578 1995 Blelenli
600 1925 766 2001 art-114
804 1906 1060 1991 Venditionern
1083 1916 1221 2011 justitie
1244 1920 1386 2013 gravior
1404 1904 1545 2002 vendin·

339 2019 410 2101 elle
433 2032 621 2119 peccatum
638 2012 844 2090 venditione
863 2008 1025 2091 beneficii
1047 2014 1265 2094 ecclesiastici
1279 2067 1291 2098 .
1304 2039 1387 2094 cen·
1403 1987 1517 2064 ΨΜ

341 2109 720 2202 renuntietis.
743 2109 806 2207 Eo·
830 2127 908 2199 nr·
932 2168 999 2206 .,,
1028 2113 1188 2212 Qunam
1211 2116 1291 2195 nn
1308 2119 1388 2211 (n.
1406 2074 1594 2219 {iffi
1678 2137 1682 2145 2

343 2240 415 2318 quir
426 2213 446 2304 )
475 2217 535 2314 qui
556 2212 657 2310 super
676 2209 997 2292 exhibitione.aut
1018 2221 1234 2295 executione
1255 2217 1394 2312 justitiae

345 2322 463 2401 literar
485 2338 561 2391 non
579 2312 790 2411 indulgent,
813 2310 949 2390 nifilub
968 2331 1065 2391 certa
1085 2314 1317 2414 pronriffione
1334 2338 1395 2411 pe·
1489 2355 1493 2364 ·
1571 2348 1581 2359 ·

345 2419 475 2505 cuniae·
511 2414 579 2491 Sed
599 2412 681 2489 sciat
698 2462 706 2481 ·
726 2410 882 2510 quisquis
908 2409 1114 2507 hujusmodi
1139 2416 1253 2491 literas
1275 2416 1398 2490 vendi·

346 2521 421 2607 dit.
442 2513 543 2616 quod
565 2510 635 2591 Dei
655 2510 842 2608 justitiam.
858 2512 959 2604 cujus
981 2511 1122 2593 debitor
1147 2517 1196 2591 eli
1211 2561 1223 2593 ‚
1236 2517 1273 2591 ἃ
1288 2537 1400 2611 quant

335 2619 457 2724 ¹gratia·
479 2613 647 2693 exhibere
680 2626 839 2697 tenetur,
869 2611 1027 2689 venalem
1056 2621 1265 2711 exponit..
1291 2614 1401 2693 Certe

349 2720 532 2813 acceptior
552 2713 600 2788 eii
624 2711 719 2808 apud
749 2711 867 2789 Deum
888 2711 1041 2805 justina,
1069 2739 1177 2811 quam
1198 2713 1396 2808 prebenda.

352 2820 541 2913 ideoque.
561 2834 645 2889 curn
668 2813 704 2888 in
727 2829 883 2906 unoque
908 2808 1011 2907 poilrt
1036 2811 1182 2890 simonia
1199 2811 1403 2899 committi,

353 2915 589 2996 damnabilior
610 2930 729 2988 tamen
750 2911 798 2987 est
822 2915 939 2986 omnis
962 2915 1127 2990 venalitas
1154 2917 1189 2990 in
1210 2910 1404 2989 exhibitio·

356 3044 403 3096 ne
428 3017 593 3113 joliitiaet
619 3034 725 3108 quani
755 3015 791 3087 in
817 3009 1025 3089 venditione
1048 3017 1218 3096 decime.
1235 3012 1290 3090 vel
1317 3034 1405 3111 pre·

356 3121 485 3196 bendae
511 3159 576 3205 „‚,·
742 3120 745 3129 '

413 3218 450 3292 Si
477 3232 693 3291 tamennon
720 3208 788 3287 fint
810 3210 984 3306 ejusmodi
1011 3235 1187 3299 monera,
1213 3233 1293 3311 quae
1317 3210 1408 3286 inte-
1424 3199 1544 3278 Jndinu
1606 3283 1612 3298 ,

360 3320 528 3417 gritatern
549 3309 684 3410 Jodicis
708 3333 937 3407 corrumpere
964 3314 1121 3400 valeant,
1146 3313 1182 3388 δι
1207 3309 1336 3395 officii.
1356 3330 1405 3388 at·
1424 3278 1615 3417 32¹¹ssssssssss

363 3441 435 3516 que
464 3417 723 3497 humanitatis,
749 3418 869 3509 potius
892 3438 1000 3509 quani
1025 3415 1131 3495 lucri.
1148 3413 1184 3486 de
1209 3410 1408 3509 cupiditatis
1427 3435 1483 3494 mr
1506 3449 1554 3491 ere

364 3534 470 3594 motu
490 3514 731 3615 recipiuntur·
755 3515 870 3607 potest
888 3509 1006 3612 Judex
1029 3515 1082 3589 iila
1106 3514 1261 3605 recipere
1281 3511 1410 3608 absquo
1428 3529 1476 3598 20¹
1490 3497 1621 3597 ⁰¹3⁰&

364 3632 517 3717 peceato
543 3617 587 3691 ab
607 3613 747 3697 amicis,
765 3611 821 3686 sed
851 3636 1073 3714 nunquama
1097 3613 1251 3708 partibus
1273 3610 1409 3707 litigan·
1428 3582 1599 3667 ΨΜ

365 3723 480 3795 tibus,
502 3730 564 3811 aut
583 3736 705 3791 earum
732 3714 893 3788 nornine·
919 3712 961 3792 ld
982 3715 1078 3790 eninr
1106 3734 1181 3786 non
1202 3710 1314 3786 solum
1342 3735 1415 3786 nvo·

367 3818 391 3893 li
413 3818 563 3914 speciem
590 3813 725 3908 semper
748 3812 853 3888 habet
875 3862 885 3895 ‚
908 3838 927 3890 a
955 3836 1023 3911 qua
1045 3810 1264 3889 Christianor
1289 3833 1417 3886 ontnvt

369 3922 541 3995 abstinere
565 3918 665 4006 iubet
689 3911 901 4005 Apostolus,
925 3914 981 3989 sed
1012 3913 1146 4008 legibus
1171 3908 1417 4004 prohibitum.

371 4020 408 4093 ἃ
433 4014 593 4093 scandalo
614 4013 816 4089 obnoxium
838 4016 897 4090 eli
925 4011 970 4090 Ea
992 4012 1036 4088 de
1057 4037 1094 4088 re
1116 4017 1146 4083 5.
1166 4008 1338 4083 Hilarium
1356 4034 1415 4090 au·

372 4117 447 4192 dire
470 4136 545 4189 non
562 4117 740 4212 ingratum
763 4120 849 4191 erit,
875 4138 914 4190 ea
932 4113 979 4190 Pr:
1001 4134 1052 4204 ¹4-
1081 4114 1185 4186 verba
1213 4111 1417 4183 dominere

370 4216 467 4309 super
492 4219 691 4283 innocentem
719 4237 778 4279 non
810 4220 933 4293 arrroir
954 4260 963 4295 ‚
985 4230 1243 4309 exponentem·
1271 4264 1329 4301 „„
1359 4205 1419 4288 Eli

377 4311 538 4413 quaedani
569 4311 731 4410 (inquit)
755 4318 962 4390 niunernm'
983 4313 1225 4394 rorrloetudo,
1249 4332 1328 4410 quae
1349 4308 1420 4385 ho·

377 4440 502 4492 norem
516 4413 638 4490 afferat
656 4415 839 4507 largienti,
860 4420 904 4489 ira
920 4432 958 4489 ut
977 4418 1117 4500 maioris
1141 4411 1276 4486 doloris
1299 4407 1419 4485 litob-

377 4518 444 4596 lata
459 4519 666 4597 contemni,
681 4536 787 4611 quarn
798 4514 894 4592 dona
908 4512 1048 4591 donatii
1064 4572 1071 4598 ,
1090 4536 1167 4612 qnae
1180 4512 1317 4606 lnnrpta
1331 4508 1419 4588 sunta

1204 4617 1206 4620 ’
1295 4606 1367 4701 lgi-
