3800 5417
556 522 625 629 D'e
651 538 838 636 Peccatis
871 525 1130 659 capiinlibual
1321 544 1381 636 61⁶
1398 562 1408 569 ”

326 714 460 809 mittin
485 733 569 788 nam
589 713 703 812 qualis
727 711 794 801 sit.
817 719 854 792 in
873 739 919 793 eo
943 717 1045 819 quod
1068 712 1232 796 laudatur
1259 710 1381 792 osten:

325 817 430 895 ditur.
460 812 497 890 Si
517 814 613 888 enisu
636 815 669 889 se
694 817 822 893 ruditis
844 815 909 896 suis
928 818 1090 897 laudibus
1109 818 1273 902 extollit,
1289 813 1379 913 quid
1495 886 1500 899 ,

323 919 384 996 ilie
402 914 528 993 aliud.
560 935 669 1012 quam
695 938 852 1003 rurum.
878 918 1145 1016 resurgentum
1180 918 1380 1014 reprobum

324 1018 410 1096 suit,
440 1038 550 1111 quem
579 1015 744 1125 videlicet
767 1015 896 1095 fornax
921 1019 1052 1117 singuae
1077 1015 1320 1114 contempnet
1339 1014 1380 1094 Si

323 1135 444 1196 aurem
469 1117 606 1192 favores
629 1122 709 1192 suos
733 1119 899 1203 audiens,
917 1124 962 1197 ad
988 1120 1128 1215 superni
1144 1119 1264 1212 judicii
1288 1138 1380 1192 eun·

322 1218 574 1294 siderationem
599 1217 714 1300 redit,
734 1239 775 1293 ac
793 1241 838 1295 ne
864 1221 908 1296 de
934 1219 988 1294 iris
1006 1220 1101 1316 apud
1123 1217 1311 1295 occultum
1326 1235 1382 1289 ar·
1410 1244 1413 1251 ·

323 1319 458 1395 bitrum
486 1333 675 1412 gravetur,
697 1320 843 1401 metuite
872 1319 972 1418 quai
995 1319 1266 1414 expurgationis
1295 1318 1381 1413 igne

324 1420 369 1496 ad
390 1418 680 1516 magnitudinem
692 1418 857 1496 claritatis
871 1418 1069 1512 excrescit3
1090 1420 1124 1516 dp
1142 1419 1238 1496 uude
1259 1418 1382 1491 incen·
1514 1459 1517 1467 ·

324 1521 424 1597 dium
448 1519 695 1616 trepidationis
713 1520 853 1595 sustinet
872 1564 883 1598 a
909 1520 993 1595 iude
1016 1519 1141 1598 elarius
1158 1519 1274 1616 fulget
1298 1569 1322 1608 ,‚
1337 1535 1382 1607 „3

324 1619 460 1712 (iuquit
488 1621 609 1687 ebidem
640 1624 673 1689 S.
691 1616 832 1714 Greg.)

374 1715 654 1801 Consideremus
665 1741 756 1815 ergo
767 1754 779 1805 r
790 1718 876 1817 quid
889 1720 992 1797 nobis
1003 1717 1091 1797 defit
1101 1719 1145 1798 ad
1163 1710 1382 1802 christiane,
1399 1692 1537 1769 ⁶⁰⁰fld‘·

325 1819 578 1920 spiritualisque
596 1823 675 1895 site
691 1818 968 1915 pussessionem,
986 1845 1063 1915 non
1084 1816 1171 1920 quid
1179 1821 1380 1914 egerimus,
1397 1783 1571 1922 ‘ffiffip

327 1927 352 1997 ir
379 1921 574 2033 quidboni
596 1928 762 2017 egimus3
785 1924 822 1997 dr
852 1944 935 1997 tum
959 1919 1078 1998 David
1095 1924 1276 2000 dicamuse
1299 1922 1375 2003 Νο-
1416 1935 1477 1998 efie

329 2039 398 2091 tuns
406 2028 463 2112 fec
478 2024 563 2090 uerbi
573 2072 583 2104 ,
607 2026 772 2106 Domine,
788 2017 890 2108 finem
910 2046 1067 2101 rusum...
1095 2022 1144 2093 Ut
1160 2017 1284 2106 stium,
1300 2021 1378 2113 quid
1395 2012 1497 2077 l'siilm·
1518 2019 1565 2089 38·
1671 2033 1674 2039 ·

329 2119 408 2210 defit
429 2119 526 2192 inibi.
553 2117 598 2196 Et
623 2144 709 2197 cum
736 2120 943 2219 Apostolus
974 2124 1043 2217 ego
1066 2145 1117 2195 nte
1143 2142 1205 2190 non
1230 2113 1526 2193 arbitraremur·
1632 2212 1635 2217 ¹

328 2219 606 2318 comprehendisse·
643 2221 751 2292 Unum
773 2242 912 2310 autem,
935 2244 1002 2318 qus
1026 2226 1156 2318 quidem
1187 2239 1281 2291 retrs
1303 2218 1410 2309 suns*
1634 2230 1637 2236 “

329 2319 521 2408 obiissseens
531 2365 544 2405 ,
563 2327 605 2391 sd
620 2343 658 2392 ra
674 2341 777 2408 veru,
793 2346 861 2416 qaae
876 2322 955 2411 suns
980 2333 1113 2414 priore,
1135 2325 1314 2393 extendens
1328 2343 1381 2393 nse

329 2423 432 2519 ipsum
448 2465 462 2503 s
478 2425 520 2492 ad
542 2420 734 2499 destinatum
757 2427 931 2515 perjequur
954 2472 966 2507 ‚
993 2428 1035 2494 ad
1058 2422 1213 2501 bravium
1235 2416 1380 2516 supernis

329 2527 513 2594 vocacionis
534 2524 605 2594 Dei
630 2525 666 2591 in
692 2520 820 2605 cbristo
840 2523 942 2617 Jesu.
968 2527 1016 2598 Bt
1030 2528 1221 2623 ‘missuque
1237 2517 1379 2616 perfrsii

328 2623 457 2714 sumus,
479 2623 538 2695 boc
556 2619 748 2710 sentiamus,
774 2623 856 2704 Nec
876 2626 956 2703 iiior
977 2628 1179 2710 imitemur.
1204 2626 1377 2721 qui0sum

331 2731 426 2803 bona
458 2724 576 2823 aliqua
601 2724 736 2801 fuciunt
754 2780 765 2812 ,
784 2729 1015 2827 iniquitatum
1040 2730 1179 2806 suarum
1212 2726 1380 2821 protinus

332 2825 607 2908 obliviscuntur,
623 2826 658 2899 ἃ
674 2825 792 2902 cordis
808 2828 956 2905 oculum
968 2830 1003 2903 in
1015 2827 1298 2905 consideratione
1312 2822 1381 2903 bo.-

332 2948 466 3003 norum
487 2948 666 3019 operum,
684 2948 763 3018 quae
786 2929 976 3013 exhibent,
999 2927 1141 3027 figunt3
1163 2942 1270 3024 atque
1288 2945 1334 2999 eo
1349 2919 1383 2997 ss

333 3031 403 3121 jam
418 3028 566 3100 Sentius
579 3025 802 3114 existimant,
821 3052 899 3125 quo
917 3031 1006 3103 inter
1026 3034 1137 3110 bona,
1159 3049 1238 3125 quae
1249 3041 1384 3121 agunt.

332 3129 513 3203 malorum
539 3126 683 3201 suorum
702 3169 712 3200 r
733 3131 768 3202 in
794 3132 923 3224 quibus
956 3131 991 3205 dc
1017 3127 1157 3207 sortasse
1179 3129 1297 3201 adhuc
1317 3129 1386 3198 irn-

333 3230 454 3324 plicari
479 3224 581 3306 sunt,
602 3232 813 3303 memoriam
843 3230 1033 3306 destinant.
1060 3285 1120 3321 ‚„,
1151 3231 1226 3324 Qui
1253 3223 1385 3302 scilicet

333 3330 357 3403 ii
379 3325 640 3402 distinctionem
670 3327 795 3414 judicis
823 3329 1008 3424 vigilanter
1030 3330 1276 3409 attenderent,
1302 3327 1383 3419 pius

334 3429 377 3503 de
401 3425 502 3501 maus
526 3424 593 3500 suis
625 3443 850 3514 metuerent,
879 3453 989 3529 quam
1016 3432 1061 3505 de
1082 3426 1294 3524 imperfectis
1318 3427 1385 3500 bo·

334 3531 387 3605 uis
408 3525 637 3614 exultarent3
659 3528 738 3623 pius
766 3529 997 3625 inspicerent,
1018 3530 1120 3628 quod
1140 3531 1185 3602 de
1211 3524 1286 3607 his,
1304 3545 1386 3620 que
1524 3562 1529 3569 ·
1681 3560 1682 3575 r

335 3628 454 3704 adhuc
488 3629 535 3698 eis
558 3632 695 3720 agenda
716 3626 821 3714 sunt,
853 3631 1033 3705 debitores
1058 3644 1249 3710 tenentur,
1276 3648 1386 3720 quam

337 3727 436 3823 quod
456 3744 644 3822 operantes
658 3729 842 3825 quedem,
856 3729 926 3824 jam
942 3730 1052 3806 debiti
1079 3745 1216 3827 partem
1229 3724 1384 3802 solvunt.

340 3826 467 3923 Neque
489 3828 585 3900 enirn
617 3826 796 3905 absolutus
822 3832 872 3904 etr
891 3831 1060 3915 debitor,
1082 3834 1143 3922 qui
1171 3828 1281 3905 mults
1307 3825 1386 3900 red·

339 3930 413 4011 dit,
429 3926 484 4000 ted
505 3929 567 4024 qui
590 3931 736 4021 omniur
756 3951 822 4004 nec
837 3931 880 4004 ad
905 3931 1065 4005 bravium
1088 3931 1240 4004 sisioriae
1262 3949 1389 4023 perse·

336 4035 421 4111 nit,
442 4032 500 4120 qui
525 4032 559 4099 in
583 4050 711 4123 magna
731 4045 828 4122 parte
859 4029 1043 4124 speetacuu
1066 4027 1234 4103 velociter
1257 4028 1387 4112 currit.

336 4129 362 4204 st
383 4130 484 4221 juxta
506 4141 617 4203 metas
639 4132 782 4205 veniens
797 4185 807 4213 ,
825 4135 861 4204 in
884 4129 983 4208 hoc,
1003 4127 1106 4226 quod
1127 4129 1302 4222 reliquum
1315 4123 1393 4211 est,
1434 4154 1441 4167 κ

336 4229 469 4304 deficit·
494 4226 576 4304 Nec
598 4230 641 4303 ad
665 4229 832 4323 quelibet
860 4230 1027 4307 destinata
1050 4231 1130 4306 loca
1158 4229 1387 4323 pergentibus
1455 4264 1461 4270 ·

336 4328 545 4430 inchosudo
573 4327 717 4425 prodest
734 4329 886 4426 longum
911 4333 976 4406 iter
1001 4353 1171 4426 carpere,
1191 4325 1216 4401 sr
1245 4350 1318 4401 uon
1334 4344 1389 4402 et-

336 4433 401 4506 ism
421 4433 561 4507 valeant
585 4427 845 4506 consummare·
876 4430 953 4526 Qui
974 4453 1063 4525 ergo
1087 4444 1254 4505 aeternam
1280 4429 1388 4502 vitum

335 4536 550 4627 querimus,
580 4528 671 4629 quid
700 4529 795 4608 aliud
823 4552 931 4630 quum
966 4530 1281 4628 quadamtenus
1318 4516 1391 4621 agi·

995 4654 998 4659 '
1232 4642 1342 4704 musa
