3800 5417
400 618 410 627 -
490 564 567 664 ¹De
596 563 784 659 Peccati's
825 558 1133 683 capitulum·
1261 576 1367 667 ure'

298 746 381 827 brar
401 740 596 822 exterioret
611 792 630 839 ,Ι
644 759 722 816 nou
744 734 894 820 afferent
915 734 1351 832 vestamnuptialemtcoi

369 841 467 925 iculo
487 839 521 917 se
545 841 650 915 etiam
678 839 864 917 obnoxios
884 856 1046 930 parentet
1072 839 1261 924 noverint,
1286 834 1352 937 qul

319 948 421 1025 'bena
452 937 644 1039 ingrellurn
665 936 849 1035 religionis
862 953 1080 1041 procorum,
1098 934 1153 1011 vel
1172 939 1272 1037 quod
1289 955 1354 1013 nr·

303 1062 384 1131 tura
403 1040 471 1121 lint
489 1042 533 1118 ad
555 1060 610 1116 ret
627 1038 800 1137 gerendas
822 1041 881 1115 iue
907 1040 1098 1115 ti‚animo
1111 1038 1256 1115 hebetes
1278 1036 1355 1122 ‚rel

303 1164 461 1244 corpore
480 1137 686 1225 attremant
707 1136 809 1219 valde
827 1136 851 1214 d
913 1136 1097 1228 rmet3vel
1115 1153 1210 1215 certe
1228 1151 1268 1213 ut
1280 1136 1356 1214 aliia

242 1263 246 1269 ·
303 1246 423 1329 liberie
443 1240 592 1321 iliorum
614 1236 711 1339 quai
733 1240 962 1339 ablegatione
982 1239 1172 1337 ampliaret
1199 1257 1357 1335 operte·

304 1346 560 1437 nmmum·
828 1440 836 1456 .
959 1438 1005 1457 ..
1374 1386 1503 1451 Avaritia

358 1442 548 1525 Parentum
574 1454 753 1520 arantum
786 1436 879 1520 fluor
904 1435 1087 1537 religiosor
1112 1436 1212 1516 velut
1237 1431 1352 1523 exhae-
1464 1479 1530 1529 m.

307 1544 509 1625 redrnrium
543 1546 698 1640 graviter
711 1538 925 1638 perstringit
952 1542 1128 1611 Salvianus
1154 1538 1215 1616 lib.
1237 1558 1270 1627 3.
1299 1541 1354 1619 rld
1397 1540 1450 1631 tior
1472 1536 1545 1601 ¹2¹¹·

310 1643 501 1729 acueram
523 1639 759 1724 carnonam
783 1695 840 1732 ω.
861 1635 1137 1735 Nariumque
1160 1637 1175 1730 l
1202 1643 1355 1747 omum
1374 1614 1566 1757 ausgfissg-
1646 1666 1650 1674 ·

307 1746 410 1831 uiuit
424 1746 542 1824 minut
553 1741 784 1841 relinquitur,
807 1763 915 1841 quam
938 1743 1068 1836 ouibus
1092 1744 1144 1821 ob
1165 1736 1235 1817 Dei
1259 1765 1357 1821 rere·
1378 1711 1458 1831 &21
1481 1728 1571 1841 hond

309 1852 461 1925 rentiam
483 1840 563 1941 plut
582 1840 753 1957 delictum
780 1841 898 1919 nullot
918 1843 1027 1938 pietas
1054 1846 1172 1923 minua
1196 1842 1358 1943 respicit,
1376 1840 1568 1917 suonam

311 1968 422 2049 quam
443 1967 538 2043 quot
569 1941 696 2037 religio
721 1942 899 2039 precipue
914 1945 1163 2025 commendat.
1190 1936 1361 2043 Denique

311 2046 464 2151 liquit
489 2045 693 2142 parentibus
722 2038 786 2123 filii
815 2039 1017 2121 offeruntur
1044 2042 1129 2125 Deo
1151 2101 1162 2131 .
1191 2045 1362 2123 omnibur
1464 2096 1470 2101 -

300 2146 393 2228 'liliis
409 2142 680 2249 postponuntur
698 2141 831 2235 oblati3
847 2144 986 2236 indigni
998 2146 1202 2240 judicantur
1215 2142 1364 2223 heredi.
1550 2138 1553 2145 '

314 2262 388 2327 tute
400 2300 412 2334 ,
426 2245 509 2340 quia
520 2241 620 2339 digni
633 2241 763 2318 fuerint
778 2242 1046 2328 consecratione
1060 2266 1124 2335 rac
1137 2242 1282 2340 perhoc
1292 2268 1364 2326 unt

315 2361 459 2430 tautum
479 2367 518 2421 re
542 2344 746 2438 parentibus
761 2341 845 2418 viler
860 2340 971 2429 liunt,
983 2347 1066 2441 quia
1086 2349 1265 2442 ruperint
1277 2343 1364 2429 Deo

315 2445 385 2527 elle
405 2442 558 2542 pretini.
587 2443 638 2521 Ex
663 2464 739 2537 quo
769 2440 917 2539 intelligi
945 2444 1091 2541 potest,
1121 2445 1221 2539 quod
1247 2447 1364 2530 nullm

316 2570 410 2651 pene
424 2544 520 2647 apud
531 2541 696 2624 homines
708 2539 811 2619 vilior
826 2542 895 2625 est,
911 2566 1018 2642 quam
1036 2543 1155 2640 Deum
1166 2547 1268 2638 cuiue
1293 2548 1365 2623 uti·

317 2642 444 2744 quefit
465 2640 691 2740 delpedione
710 2684 721 2719 2
743 2656 784 2725 ut
808 2663 870 2718 eor
892 2649 1069 2742 precipue
1092 2660 1254 2741 parentet
1272 2644 1365 2723 filror

317 2747 505 2849 spernant,
523 2746 587 2842 qui
606 2740 651 2823 ad
665 2739 787 2818 Deum
798 2746 977 2836 coeperint
990 2750 1175 2841 pertinere.
1199 2741 1270 2823 Sed
1281 2766 1371 2840 pre·

320 2850 452 2924 clatam
472 2843 658 2926 videlieet,
679 2844 740 2937 qui
767 2838 844 2917 haec
866 2842 1023 2920 faciunt,
1042 2849 1216 2923 rationem
1231 2843 1369 2922 coulrlii

322 2947 374 3028 liri
392 2942 566 3031 reddunt,
582 2942 761 3024 dicenter:
777 2939 879 3043 Quid
900 2967 992 3038 opus
1009 2946 1077 3022 est.
1093 2946 1226 3023 utliliis
1237 2946 1307 3037 jam
1318 2968 1369 3020 re·

323 3044 455 3142 ligiosrs
476 3067 575 3140 aeqoa
597 3040 809 3121 haereditaria
836 3047 958 3140 portio
991 3046 1240 3145 relinquntur?
1271 3045 1373 3127 Nihil
1460 3097 1464 3109 ,

326 3168 418 3244 ergo
437 3143 582 3241 jullius.
595 3141 680 3220 nihil
698 3141 841 3236 dignius
856 3189 866 3223 ‚
884 3166 992 3240 quam
1008 3165 1068 3233 ut,
1082 3149 1164 3242 quia
1182 3160 1375 3240 coeperunt

328 3242 480 3344 religiofi
508 3240 603 3328 elle,
634 3241 868 3322 mendicanti
891 3241 979 3320 Nou
1007 3248 1155 3338 quidem
1187 3247 1289 3349 quod
1312 3268 1375 3324 eor

328 3349 405 3423 lraec
426 3368 481 3421 res
506 3342 735 3427 mendicitate
761 3340 965 3438 oppreisura
984 3343 1045 3430 lrt,
1065 3347 1167 3445 quod
1189 3371 1209 3422 a
1229 3349 1380 3429 terrenis

326 3445 551 3524 facultatibus
563 3440 790 3527 abdicantur,
813 3446 949 3529 cmlum
969 3446 1027 3542 ipe
1051 3443 1262 3538 ooffidentes
1277 3494 1286 3517 .
1300 3449 1379 3527 cito

241 3585 243 3588 >
328 3548 436 3624 eriam
452 3568 492 3623 re
512 3539 744 3639 poffeuuros.
763 3562 908 3638 regente
922 3543 1002 3619 illos
1023 3545 1108 3625 Deo
1132 3547 1217 3632 suo,
1232 3570 1274 3623 ac
1292 3568 1380 3644 pro.

329 3661 500 3739 tegente.
525 3646 586 3743 qui
622 3665 685 3717 eos
711 3664 795 3723 cum
819 3645 1012 3724 immortali
1042 3646 1102 3744 spe
1135 3660 1385 3724 aeternorum·

331 3748 439 3823 etiam
452 3739 655 3827 sufficientia
670 3742 922 3838 temporalium
938 3747 1148 3822 munerabit.
1181 3745 1249 3823 Sed
1261 3759 1381 3829 tamen

333 3858 509 3943 quantum
519 3845 562 3918 ad
573 3843 870 3918 inhumanitatem
883 3861 1069 3939 parentum
1084 3847 1248 3943 pertinet,
1258 3862 1379 3941 egent.

333 3968 354 4023 a
380 3944 507 4038 quibus
534 3942 580 4019 irc
603 3941 709 4023 relrtli
737 3940 838 4020 sunt,
860 3957 901 4020 ut
925 3962 1083 4039 egerent.
1120 3944 1228 4029 Certe
1249 3943 1382 4029 etiamll

333 4046 397 4143 qui
420 4066 495 4118 non
519 4045 658 4141 penitus
685 4040 800 4119 domo
825 4040 1078 4130 eliminantur,
1099 4045 1138 4123 dt
1158 4046 1287 4141 quibua
1306 4062 1385 4124 non

334 4145 491 4224 omnino
505 4143 736 4227 extorribus.
762 4139 886 4239 quafii
918 4168 984 4225 ne,
998 4144 1036 4218 de
1052 4167 1142 4239 aqua
1166 4144 1387 4234 interdicitut

335 4167 1389 4356 (cumauttenuet.autcerteoffrfrullaariirelinquuntur)

337 4357 457 4421 tumen
480 4357 583 4418 tanto
603 4338 784 4420 infertores
801 4338 965 4422 iratribus
992 4345 1264 4443 relinquuntur.
1286 4358 1390 4423 utet·

337 4441 435 4520 iamli
457 4453 666 4540 paupertate
688 4462 764 4513 non
792 4458 946 4538 egeant,
962 4445 1237 4547 comparatione
1268 4460 1390 4534 tamen

337 4564 446 4643 egere
469 4541 675 4626 rideantur.
698 4537 770 4617 &o
794 4594 853 4631 „,‚
1226 4574 1232 4585 ·

822 4635 912 4741 05
1228 4636 1338 4737 Ην
