3800 5417
450 516 564 664 lar
639 547 800 655 meat
821 553 996 674 noga
1016 549 1170 648 arom.
1185 523 1291 652 tra.
1307 553 1388 648 111.

522 721 726 828 aliirlorrgo
739 728 803 808 usu
816 744 829 820 ς
841 725 898 807 rel
918 747 1004 805 cum
1021 724 1203 822 pluribus,
1225 725 1323 802 brevi
1339 723 1423 835 licet
1439 737 1534 807 tem.

468 832 471 837 ’
502 860 504 866 ·
528 846 639 923 pore,
655 831 687 906 se
703 830 1017 910 contaminarunt,
1040 822 1249 902 Conlellarii
1267 832 1302 901 in
1327 828 1424 904 sacro
1449 852 1533 928 poe-

525 930 684 1007 uitentiae
707 925 871 1008 tribunali
899 924 1092 1025 prohibere
1116 927 1282 1012 debent,
1316 948 1360 1002 ue
1384 929 1532 1012 luorum

524 1027 697 1107 ordinum
715 1027 915 1107 sundioner
935 1041 1149 1108 exerceant,
1164 1030 1200 1102 dr
1218 1031 1262 1100 ad
1286 1032 1427 1102 altiores
1448 1033 1532 1124 gra·

524 1126 596 1205 dur
606 1125 815 1208 ascendant:
832 1125 943 1203 laicis
967 1148 1053 1202 vero
1074 1126 1251 1202 latrorum
1265 1122 1451 1204 Ordioum
1474 1128 1532 1206 su·

487 1302 489 1305 ,
522 1225 580 1306 sce
609 1230 660 1305 tio
682 1226 789 1305 debet
813 1224 996 1317 interdici3
1025 1248 1095 1303 nec
1114 1229 1179 1302 alia
1201 1232 1410 1304 conditione
1434 1250 1528 1308 com

595 1327 685 1432 eada
709 1326 789 1425 iplla
809 1327 859 1403 est
879 1324 1068 1409 absolutio.
1196 1368 1198 1372 v
1456 1362 1460 1365 ·
1501 1351 1509 1362 ·

470 1482 638 1646 Hane
662 1479 838 1581 Regulam
869 1484 910 1554 B.
927 1486 1043 1553 Parrus
1075 1480 1240 1552 Drmiam·
1268 1481 1463 1571 adstruxit,
1488 1480 1528 1562 ἃ

474 1656 484 1674 x
580 1587 710 1682 probat
741 1585 778 1659 ia
812 1578 1013 1676 opusculo,
1040 1581 1143 1682 quod
1173 1580 1395 1670 inscribitur,
1420 1579 1528 1657 Liber

466 1685 746 1770 ,Gomorrr‘hamra
773 1681 964 1783 Postquam
986 1688 1083 1758 euim
1106 1697 1261 1780 quatuor
1287 1686 1418 1781 gradus
1440 1706 1526 1783 pec·

469 1784 542 1862 cati
555 1798 683 1861 contra
696 1797 858 1862 naturam
871 1782 1050 1868 drllinxit,
1067 1779 1145 1858 haec
1160 1785 1343 1882 subiungit
1368 1807 1446 1883 rap.
1459 1806 1527 1859 rr.

468 1935 531 1978 „
566 1880 684 1981 Hujur
706 1881 787 1962 sane
814 1884 1025 1979 perditionis
1058 1885 1212 1958 obnoxii
1232 1890 1320 1978 laep‘e
1353 1885 1526 1981 largiente

464 1982 592 2066 divina
612 1984 799 2061 clementia
818 1979 1038 2082 resipiscant.
1058 2001 1167 2081 atque
1188 1985 1233 2058 ad
1256 1984 1524 2062 latislatliooem

313 2148 316 2159 .
465 2087 644 2161 ueniunt,
672 2083 954 2180 &poeoitentiae
983 2083 1130 2183 quidem
1152 2090 1296 2181 pondus
1327 2084 1526 2182 quamlibet

464 2204 580 2283 grave
599 2182 733 2261 devote
757 2181 976 2278 suscipiunt,
1006 2180 1275 2261 ecclesiasticum
1300 2206 1389 2262 vero
1408 2181 1524 2263 Ordi-

461 2303 554 2361 mem
565 2283 710 2381 perdere
719 2281 947 2360 vehementer
955 2279 1237 2381 perhorrescunt.
1250 2283 1410 2379 Quidam
1421 2306 1526 2373 nam·

468 2404 542 2481 que
562 2384 715 2462 redares
728 2379 960 2463 Ecclefiarum
980 2386 1072 2461 circa
1086 2381 1158 2457 hoc
1181 2388 1305 2461 vitium
1328 2383 1523 2462 humanio-

462 2502 525 2561 rer
546 2481 722 2569 fortun,
756 2506 863 2581 quam
895 2484 1092 2578 expediat,
1110 2482 1268 2560 absolute
1299 2487 1522 2572 decernunt.

360 2663 366 2673 p
461 2597 619 2760 ευριπ
640 2598 709 2662 trra
742 2584 822 2661 illos
849 2581 1007 2680 gradus,
1041 2584 1104 2682 qui
1132 2581 1287 2680 superrur
1316 2592 1519 2664 enumerati

461 2727 464 2734 -
508 2699 570 2770 rat,
585 2685 766 2762 neminem
780 2707 798 2761 a
811 2682 875 2760 suo
896 2685 1024 2760 ordine
1047 2685 1176 2759 debere
1200 2684 1355 2780 deponit
1376 2682 1445 2760 hor
1455 2704 1523 2762 au·

463 2797 543 2867 tem
566 2781 798 2860 solummodo
821 2805 896 2859 non
922 2787 1089 2859 abnuunt
1113 2782 1316 2881 degradari,
1340 2806 1435 2884 quor
1463 2783 1520 2862 ul-

463 2883 662 2961 timoratlu
675 2880 837 2961 cecidille
853 2884 1060 2960 constiterit.
1092 2880 1196 2960 Unde
1209 2885 1268 2961 lit>
1288 2900 1328 2962 ut
1351 2891 1519 2982 quicum

463 2980 575 3059 odo,
597 2983 654 3058 rel
681 2988 805 3062 decena
829 2984 900 3059 aliis
925 3006 1025 3078 aeque
1048 2983 1196 3059 sordidis
1219 2989 1255 3059 in
1280 2984 1371 3061 hanc
1391 2990 1517 3079 nequi·

462 3087 552 3160 tiam
571 3081 682 3180 lapsus
704 3082 770 3160 elle
787 3084 1039 3180 cognoscitur,
1062 3081 1291 3161 nihilominus
1311 3087 1347 3159 in
1367 3084 1430 3162 suo
1456 3107 1517 3160 or·

461 3183 547 3261 dine
572 3206 776 3280 permanere
799 3186 968 3261 videatur.
1018 3186 1111 3274 Quae
1140 3185 1380 3282 proculdubio
1407 3189 1516 3282 impia

462 3286 574 3380 pietat
601 3306 675 3359 non
695 3283 824 3360 vulnus
843 3293 1028 3373 amputat,
1050 3284 1105 3356 led
1130 3299 1169 3360 ut
1195 3300 1386 3381 augeatur,
1405 3286 1515 3361 sonti·

461 3398 538 3461 tem
560 3382 818 3472 subministrat;
842 3407 918 3458 non
949 3388 1141 3481 perpetrati
1165 3386 1276 3461 illiciti
1304 3389 1400 3462 ailus
1426 3409 1516 3484 pro·

458 3480 560 3561 hibet
578 3485 869 3567 amaritudinem,
891 3483 947 3558 sed
972 3487 1197 3579 perpetrandi
1229 3490 1350 3583 potius
1374 3486 1515 3562 lrberta·

460 3597 547 3659 tem.
575 3582 730 3661 Carualis
748 3587 882 3682 quippe
902 3582 1090 3674 cujuslibet
1106 3587 1240 3659 ordinis
1261 3588 1377 3662 horno
1398 3589 1512 3680 magia

457 3681 656 3768 formidat,
680 3686 712 3759 a
738 3683 936 3777 expavescit
959 3691 995 3757 in
1018 3683 1208 3782 coulpetlu
1232 3685 1425 3762 hominum
1449 3693 1513 3761 de·

457 3781 544 3878 spici
565 3830 577 3867 ,
596 3805 703 3878 quam
733 3784 768 3859 in
794 3781 931 3874 superni
955 3785 1081 3875 judicia
1101 3789 1265 3861 exaruine
1291 3792 1513 3863 condemna·

457 3884 512 3971 1l3
531 3905 573 3959 ac
596 3907 657 3978 per
680 3881 752 3959 hoc
776 3884 910 3959 mavult
938 3886 1133 3980 quamlibet
1162 3886 1335 3970 ostrea,
1359 3886 1512 3983 quamli-

451 3981 521 4056 bet
542 3986 705 4058 aoimolae
738 3988 958 4076 poenitentiae
989 3983 1152 4061 lullioere
1184 3990 1367 4073 laborem,
1397 4011 1509 4084 quatu

456 4079 508 4155 sul
527 4082 657 4176 gradus
681 4091 840 4177 periculo
865 4087 1069 4178 subjaceret
1091 4085 1127 4159 &
1150 4087 1237 4163 dum
1260 4111 1321 4184 pet
1343 4088 1510 4163 indtlrte·

456 4196 530 4256 tam
552 4181 796 4257 discretionem
812 4207 887 4259 oon
905 4190 1006 4259 timet
1022 4184 1148 4260 statum
1165 4195 1213 4263 sur
1231 4190 1380 4263 honoris
1401 4193 1509 4265 amit·

455 4290 549 4356 tere.
567 4284 810 4358 incitatum&
842 4286 1024 4378 inexperta
1046 4290 1284 4377 praesumere,
1310 4290 1345 4365 dt
1370 4292 1407 4363 in
1432 4292 1506 4374 itis.

454 4402 535 4473 quae
556 4381 666 4456 inulte
680 4381 918 4478 praesumpsit,
942 4388 1072 4461 drurrur
1093 4410 1319 4481 permanere3
1334 4407 1444 4486 atque
1467 4405 1508 4466 ut

452 4478 502 4558 ita
530 4480 702 4575 dueum.
721 4482 810 4562 duur
837 4489 907 4564 illic
928 4506 1006 4566 nou
1034 4489 1184 4579 teritur,
1209 4497 1271 4570 ubi
1302 4511 1417 4667 arripe
1440 4498 1508 4565 do-

756 4586 766 4608 '
1392 4607 1488 4677 et..
