3800 5417
496 582 582 669 230
673 557 830 687 tneor,
847 563 964 678 mg.
982 562 1025 657 a
1043 506 1195 657 riom.
1214 560 1308 656 mr.
1336 505 1438 656 111'.x

501 728 887 836 mlnilltiPriocipum.
910 736 966 812 nel
994 733 1553 835 rerumpublicarum‚quiiplo·

499 856 583 915 tum
608 859 732 912 arcana
754 836 924 913 revelant.
965 837 1097 915 Secteri
1133 834 1239 911 fidem
1271 837 1317 910 ita
1348 833 1552 912 servandam

499 935 713 1012 existimavit
730 940 763 1005 S.
781 935 985 1022 tinibrofius,
1001 956 1042 1012 ut
1061 958 1176 1035 neque
1209 957 1293 1010 cum
1316 933 1554 1012 amantiffimo

499 1035 607 1113 fratre
632 1033 760 1132 Satyro
783 1038 1035 1113 communium
1064 1042 1263 1111 amicorum
1293 1037 1422 1110 lecreta
1449 1057 1557 1111 com·

501 1138 684 1212 monitare
703 1134 765 1210 fibi
784 1139 964 1229 integrum
981 1134 1049 1211 effe
1064 1134 1212 1213 duceret
1228 1180 1237 1209 2
1254 1151 1294 1210 ut
1313 1134 1382 1223 ipt'e
1410 1138 1556 1212 testatur

501 1228 563 1311 lib·
583 1256 612 1311 r.
626 1239 676 1307 De
690 1233 812 1323 exctssu
827 1230 949 1325 fratris
965 1231 1020 1322 strr'
1035 1239 1158 1326 Satyri.
1175 1232 1289 1313 Num.
1311 1248 1368 1324 39.
1384 1288 1406 1324 ‚,
1420 1289 1442 1325 „
1458 1234 1553 1312 Cum
1591 1236 1594 1241 ’

502 1339 625 1411 omnia
636 1334 740 1411 nobls
756 1330 864 1411 ellent
891 1336 1010 1410 bollra
1040 1337 1247 1412 communia
1270 1333 1438 1427 (respuit)
1462 1336 1556 1410 indi·-

502 1438 634 1512 viduus
670 1433 827 1531 spiritus,
856 1435 1058 1511 individuus
1080 1434 1260 1513 affeetusz
1292 1432 1406 1510 l'olum
1432 1451 1553 1510 tamen

484 1557 701 1639 ¹commune
722 1557 796 1610 non
831 1551 906 1610 erat
932 1533 1105 1612 secretum
1124 1536 1348 1625 amicorum;
1376 1556 1452 1609 non
1466 1555 1553 1631 ‘quo

502 1633 710 1711 conlerendi
735 1634 931 1730 periculum
953 1658 1153 1710 vereremur
1174 1682 1184 1713 ‚
1202 1632 1259 1708 led
1276 1634 1419 1708 tenendi
1439 1634 1553 1709 l'erva·

495 1754 622 1834 ,temus
637 1733 754 1814 fidem.
773 1732 864 1808 Sane
881 1730 906 1812 fi
921 1731 1071 1810 consilio
1083 1732 1269 1832 pendenda
1288 1755 1341 1807 res
1356 1726 1463 1818 ellet,
1480 1749 1554 1810 erat

501 1831 639 1927 semper
661 1855 858 1909 commune
871 1831 1094 1921 consilium,
1115 1853 1182 1911 nec
1201 1832 1337 1926 semper
1354 1853 1555 1910 commune

500 1930 687 2008 secretum·
713 1930 809 2008 Nam
824 1929 887 2007 etli
901 1934 1007 2009 antici
1020 1936 1066 2009 ita
1083 1934 1180 2011 alteri
1195 1931 1356 2007 nostrum
1368 1928 1554 2018 dicerent,

396 2098 400 2108 .
502 2048 544 2110 ut
563 2030 653 2107 dim
666 2032 722 2110 sua
742 2030 786 2108 ad
805 2030 956 2109 alterum
969 2035 1192 2129 pervenirent
1209 2052 1220 2121 ;
1237 2050 1354 2107 tamen
1378 2029 1450 2108 scio
1478 2030 1553 2130 ple·

502 2150 658 2231 rumque
681 2134 728 2210 ita
748 2128 855 2207 fidem
877 2132 999 2209 secreti
1020 2128 1089 2208 else
1106 2132 1177 2210 serv
1201 2149 1294 2214 tam,
1312 2151 1351 2205 ut
1369 2152 1436 2206 nec
1452 2130 1553 2208 fratri

502 2236 800 2308 committeretur.
828 2228 910 2309 Erat
931 2236 1028 2309 ellim
1045 2228 1149 2308 fidele
1172 2158 1365 2316 rldicium,
1381 2232 1552 2309 &extra-

475 2350 575 2503 nefl
598 2354 673 2406 non
690 2328 758 2407 elle
780 2331 987 2428 proditum.
1011 2329 1112 2425 quod
1141 2355 1218 2410 noo
1242 2326 1327 2406 ellet
1342 2352 1427 2407 cum
1444 2334 1551 2410 l'ratre

502 2450 550 2506 co
578 2438 675 2507 'atum
700 2484 722 2523 „
741 2476 777 2522 „.

413 2561 417 2566 ·
556 2527 769 2606 Proditionis
793 2528 841 2606 rel
861 2524 962 2614 snut.
978 2528 1186 2630 quicunque
1205 2526 1377 2605 societati·
1403 2527 1552 2623 alcuius

502 2651 627 2707 arcana
647 2627 789 2705 conblia
817 2628 885 2703 t&
913 2631 1060 2724 negotia
1083 2631 1121 2705 in
1148 2631 1223 2724 ejus
1251 2629 1423 2705 damnum
1454 2646 1552 2725 pate·

501 2727 647 2805 faciunt·
674 2724 887 2806 Proditionis
907 2730 959 2804 rei
992 2727 1073 2806 lunt
1095 2746 1367 2826 procuratores,
1381 2731 1417 2805 de
1437 2732 1551 2805 adro-

502 2833 602 2911 cati‚
628 2832 689 2929 qui
721 2827 892 2904 clientum
914 2850 1040 2904 arcana
1070 2831 1228 2904 revelant
1248 2830 1399 2903 adverl'ae
1433 2830 1549 2925 patti;

501 2929 633 3004 medici
654 2974 664 3008 ‚
687 2926 867 3025 chirurgi,
890 2926 1203 3025 pharmacopolae,
1230 2931 1290 3022 qui
1314 2931 1466 3004 morbos
1482 2950 1553 3027 pu·

501 3028 663 3111 dendor,
679 3025 736 3103 led
752 3026 919 3105 occultos
936 3052 1064 3106 eorum
1081 3082 1092 3113 .
1112 3032 1176 3125 qui
1197 3027 1231 3106 ie
1255 3027 1411 3125 ipsorum
1442 3024 1550 3108 fidei.

501 3126 665 3224 curisque
689 3124 950 3204 crediderunt,
980 3127 1024 3203 ad
1055 3128 1212 3225 ipsorum
1239 3128 1420 3219 infamiam
1434 3127 1551 3205 divul-

501 3243 601 3322 gant.
637 3226 822 3324 Sacrilegae
850 3225 1063 3321 proditionis
1087 3228 1136 3302 rei
1166 3228 1245 3303 lunt
1268 3222 1478 3303 Confellarii
1500 3225 1552 3303 la·

501 3325 721 3403 eramentalir
737 3323 974 3405 Conlelllonis
998 3348 1165 3404 arcanum
1192 3325 1398 3402 revelantes.
1424 3323 1551 3406 Prodi·

500 3428 611 3503 tionis
630 3424 757 3515 lethale
766 3429 902 3503 crimen
914 3428 1120 3512 incurrunt,
1140 3428 1347 3525 quicunque
1377 3448 1550 3503 arcanum

499 3527 606 3603 amici
626 3524 731 3622 ipfius
752 3526 952 3608 creditum,
968 3522 1069 3624 quod
1090 3530 1206 3622 gravia
1229 3525 1269 3602 lrt
1287 3527 1464 3602 momenti
1482 3578 1494 3613 ,
1509 3527 1549 3603 dr

502 3646 550 3700 ex
570 3628 672 3720 cujus
692 3625 908 3704 revelatione
925 3626 1058 3703 malum
1087 3624 1151 3723 ipfi
1183 3625 1409 3722 probabiliter
1430 3626 1550 3702 immi·

425 3727 427 3731 '
501 3737 585 3801 neat
607 3780 618 3811 .
643 3726 743 3803 alteri
765 3740 890 3823 praeter
924 3725 1031 3821 ipsius
1054 3726 1276 3803 voluntatem
1301 3725 1477 3802 revelant·
1501 3724 1548 3804 lit

501 3826 623 3910 enim,
640 3847 734 3923 quot
758 3826 862 3903 nobis
884 3832 1019 3901 amicos
1044 3827 1304 3909 existimamus.
1332 3848 1456 3902 arcam
1477 3847 1549 3901 no·

502 3922 571 4000 llra
595 3924 756 4002 lubenter
773 3928 1055 4005 committimus,
1070 3947 1145 3999 non
1162 3926 1359 4011 extraneo,
1378 3926 1414 4001 dr
1439 3928 1548 4021 igno·

504 4028 575 4111 tis,
594 4024 648 4102 vel
668 4027 799 4123 quibua
828 4021 1023 4100 diffidimus
1046 4076 1056 4109 ,
1080 4046 1125 4099 ne
1149 4026 1232 4098 inde
1265 4025 1451 4102 inlultandi
1477 4048 1548 4100 no·

503 4124 558 4200 bis
583 4170 592 4201 2
616 4126 844 4222 nocendique
876 4122 1102 4201 occafionenr
1122 4127 1314 4220 arripiant.
1349 4122 1546 4203 secundum

500 4223 596 4299 illam
625 4226 804 4297 Salomonis
826 4223 1052 4307 sententiam.
1078 4220 1183 4299 Prot.
1211 4243 1269 4311 ας.
1298 4224 1546 4311 Cauliniana

500 4322 611 4395 traua
631 4344 706 4398 ten
721 4327 825 4396 mre·
846 4342 923 4491 εἷο,
937 4328 980 4395 u·
990 4318 1148 4409 ferretum
1166 4345 1323 4396 extraneo
1335 4348 1375 4395 ne
1395 4325 1545 4406 reveles,-

370 4441 372 4445 ‘
500 4444 543 4494 ne
553 4422 647 4513 forte
670 4422 804 4511 insultet
825 4429 855 4493 η’
880 4424 913 4510 ι’,
926 4447 997 4493 cum
1011 4422 1159 4493 audierit
1174 4480 1185 4511 ‚
1203 4427 1248 4497 cl*
1267 4421 1546 4520 exprobraremur

499 4523 605 4615 cellit.
632 4522 840 4621 Quiritem
856 4524 960 4602 amici
977 4524 1108 4603 revelat
1128 4546 1321 4614 arcanum,
1338 4527 1544 4644 violatami-

695 4643 714 4662 “·
1392 4642 1485 4707 cttrae
