3800 5417
553 594 637 708 §⁹78
718 587 882 690 Theulr
898 573 1018 703 noa
1045 584 1263 725 &Murri
1290 580 1384 684 L'ib.
1401 592 1483 686 111.
1516 662 1522 673 .

554 769 782 868 poenitentiae
804 756 954 867 spatium
976 761 1163 861 nauigat,
1187 788 1263 842 non
1282 764 1612 862 meretur‘au'direa'

555 870 621 946 ille
650 865 844 966 quomodo
867 867 998 964 dignus
1037 863 1086 941 ell
1112 862 1204 941 sacra
1232 864 1416 942 Missurum
1443 868 1614 948 solemnia

555 969 732 1046 celebrare
749 966 813 1046 tsi
834 965 912 1048 illes
927 967 989 1061 qui
1008 966 1127 1039 minus
1147 972 1328 1059 peccarit,
1348 981 1550 1067 utpoteper
1564 971 1618 1046 la·

555 1081 636 1146 tum
657 1067 762 1146 seculi
785 1070 854 1144 iter
880 1065 1079 1149 incedens,·
1100 1065 1270 1163 indignus
1292 1063 1342 1143 est
1367 1068 1520 1146 coelestis
1544 1069 1618 1148 Eu.

556 1168 725 1245 charistiae
754 1190 887 1246 munus
906 1185 971 1242 ore
994 1163 1175 1258 percipere
1195 1195 1207 1257 ς
1227 1167 1377 1262 qualiter
1401 1168 1463 1244 iste
1496 1192 1617 1246 meru·

556 1267 664 1444 [[ῑέιῖἃ
673 1283 746 1345 tam
768 1265 922 1422 reptibile
945 1262 1157 1366 Mysterium
1178 1265 1324 1364 pollutis
1341 1271 1504 1348 manibus
1521 1293 1617 1349 cun·

555 1380 610 1445 tre
665 1391 703 1444 re
792 1427 801 1443 .

595 1466 697 1565 -Cap
712 1424 779 1558 ἃ»
788 1462 945 1566 sequenti
962 1462 1114 1543 Canune
1122 1463 1277 1562 eiusdem
1291 1465 1445 1547 Consilii
1463 1469 1615 1547 recenli-

559 1581 602 1649 to
629 1619 641 1654 ,
667 1591 775 1667 quem
802 1568 856 1644 uti
880 1567 916 1642 ἃ
941 1561 1122 1643 decimum
1156 1566 1323 1661 quintum
1351 1592 1426 1644 non
1451 1570 1498 1644 de
1532 1567 1615 1648 iulis

559 1670 832 1766 corruptoribus
855 1662 1121 1751 masculorum,
1139 1663 1197 1740 [εά
1219 1665 1264 1739 de
1282 1667 1483 1766 pollutione
1493 1673 1616 1762 cujus·

536 1767 645 1845 ¹libet
675 1769 724 1844 rei
767 1763 1042 1863 intelligendum
1079 1761 1147 1843 sile
1171 1764 1289 1843 censet
1315 1823 1335 1869 „
1355 1771 1406 1863 ita*
1438 1768 1613 1868 colligita

558 1919 582 1961 ,‚
594 1922 616 1960 ,‚
631 1864 762 1965 Linuet
781 1864 968 1963 proferto,
991 1866 1075 1963 quia
1092 1887 1313 1963 quocunque
1332 1866 1448 1946 modo
1471 1892 1536 1965 par
1557 1893 1616 1947 ar·

558 1967 688 2044 durem
714 1965 865 2043 libidinis
886 1967 939 2040 vir
960 1986 1045 2041 cum
1073 1968 1152 2041 viro
1178 1968 1380 2061 polluitur,
1414 1993 1490 2046 non
1520 1972 1616 2048 iuter

559 2065 759 2144 catholicos
779 2065 1016 2150 christianos.
1046 2062 1105 2140 led
1125 2066 1215 2141 inter
1235 2067 1478 2147 daemoniacus
1509 2091 1615 2149 orare

558 2168 974 2268 praetipitur3quatenus
1008 2161 1032 2240 ll
1054 2163 1208 2241 carnales
1228 2166 1394 2245 homines
1415 2191 1464 2245 ex
1487 2168 1615 2248 semet·

558 2264 642 2365 ipfis
661 2262 821 2343 nesciunt
840 2262 1119 2364 pensare.quud
1143 2264 1243 2354 lunt,
1261 2271 1305 2342 ab
1315 2266 1530 2360 iplis'laltem
1553 2292 1615 2347 raa

340 2362 1614 2463 ·mmmmmmwmmmu

558 2461 738 2564 ergastulo
753 2465 925 2562 deputati·
953 2461 997 2541 Et
1016 2481 1112 2540 certe
1134 2465 1209 2539 latis
1230 2467 1381 2564 dignum
1403 2467 1452 2544 est
1468 2486 1534 2547 ‚ut
1547 2473 1616 2569 qui

438 2578 445 2583 '
559 2574 689 2642 contra
721 2564 1014 2663 iegemnaturae‚
1039 2578 1165 2640 contra
1199 2564 1365 2644 humanae
1384 2571 1531 2664 rationis
1551 2592 1616 2646 or.

558 2666 707 2752 dinem.
726 2685 870 2741 carnem
895 2662 991 2741 suam
1016 2686 1078 2760 per
1100 2679 1174 2739 tam
1191 2665 1296 2748 toeda
1310 2671 1524 2743 commercia
1539 2670 1615 2747 dae·

558 2766 730 2842 munibus
749 2764 921 2841 tradunt.
942 2786 1178 2840 communem
1205 2766 1375 2840 orationis
1402 2766 1577 2863 angulum
1599 2819 1611 2856 ,

559 2877 647 2942 cum
667 2864 895 2941 daemoniacis
911 2862 1112 2940 sortiantur·
1139 2861 1234 2938 Nana
1249 2889 1333 2941 rum
1349 2864 1402 2941 his
1428 2867 1527 2942 malis
1542 2869 1613 2964 ipsa

558 2966 702 3063 penitus
730 2979 853 3040 natura
880 2962 1035 3040 humana
1051 2959 1460 3045 refistat,difficultatem
1484 2967 1612 3045 diversi

558 3063 661 3139 sexus
682 3065 868 3139 abhorreat
881 3120 890 3147 .
903 3065 984 3140 luce
1002 3064 1125 3139 clarius
1149 3065 1308 3151 constat,
1323 3069 1403 3162 quia
1422 3092 1612 3164 nunquam

558 3179 632 3241 tam
651 3163 764 3240 aversa
787 3218 797 3249 ‚
822 3180 895 3239 tam
918 3167 1025 3238 aliena
1052 3162 1301 3258 praesumerent
1327 3214 1337 3247 ‚
1358 3165 1419 3241 nist
1449 3192 1512 3242 eos
1536 3225 1545 3254 ,
1571 3184 1613 3245 ut

558 3279 666 3362 puta,
680 3264 752 3340 vala
768 3266 825 3339 irae
852 3280 932 3358 apta
953 3267 989 3337 in
1011 3266 1213 3347 interitum,
1233 3267 1344 3361 iniqui
1363 3267 1511 3360 Spiritus
1536 3269 1613 3367 ple·

558 3367 651 3439 niter
670 3360 886 3461 pollrderent
904 3385 915 3452 ;
931 3363 988 3437 [εά
1012 3386 1096 3437 cum
1126 3386 1186 3437 eos
1212 3363 1383 3460 poliuere
1403 3372 1609 3464 incipiunt.

558 3480 649 3540 tunc
669 3487 730 3557 per
758 3487 889 3548 omne,
907 3464 1007 3560 quod
1033 3461 1181 3557 implent
1203 3513 1214 3545 ‚
1234 3465 1339 3539 invasi
1364 3468 1516 3563 petrosis
1540 3485 1614 3543 tar·

558 3577 696 3735 ruffum
715 3565 809 3638 virus
833 3563 900 3640 luae
925 3564 1150 3658 malignitatis
1174 3563 1392 3655 infundunt;
1407 3586 1446 3642 ut
1462 3571 1530 3661 jum
1552 3568 1612 3644 illa

557 3665 593 3738 ln
624 3666 733 3737 iantrr
758 3680 927 3759 appetant
944 3719 955 3746 ,
971 3688 1045 3737 nun
1068 3686 1147 3759 quae
1174 3667 1338 3738 naturalis
1358 3685 1480 3742 motus
1495 3671 1613 3742 carnis

557 3760 750 3858 efflagitet,
771 3762 825 3836 [εά
839 3787 917 3860 quae
940 3763 1011 3838 sola
1033 3761 1205 3837 diabolica
1230 3770 1462 3859 praecipltatio
1480 3768 1613 3843 submi-

557 3865 690 3938 nistret·
730 3861 825 3938 Nam
849 3888 932 3939 cum
968 3866 1020 3938 vir
1040 3866 1075 3936 in
1099 3867 1214 3939 virum
1251 3864 1294 3938 ad
1337 3872 1612 3964 perpetrandam

556 3959 821 4038 immunditiam
846 3967 977 4048 irruit,
1005 3987 1079 4036 non
1104 3963 1151 4036 est
1175 3964 1230 4037 ille
1264 3965 1429 4040 naturalis
1454 3970 1610 4059 impetus

558 4066 694 4148 carnis,
714 4060 770 4136 [εά
804 4076 942 4137 tantum
976 4062 1156 4136 diabolicas
1186 4064 1344 4139 stimulus
1372 4066 1608 4161 impulsionis.

557 4156 757 4257 Vigilanter
778 4185 867 4258 ergo
890 4162 993 4238 santii
1021 4161 1137 4237 Patres
1153 4162 1358 4239 Sodomiras
1386 4191 1470 4241 cum
1502 4165 1609 4241 Ener-

557 4266 723 4356 gumenis
746 4260 846 4335 fimul
870 4286 969 4337 orare
984 4262 1196 4338 sanxerunt.
1216 4288 1308 4361 quus
1324 4265 1453 4341 eodem
1482 4267 1610 4342 diabo-

556 4361 629 4436 lico
656 4360 774 4454 spiritu
803 4361 921 4435 inraso
944 4361 1011 4436 elle
1040 4386 1114 4435 non
1141 4364 1403 4442 dubitaverunt.
1434 4366 1609 4458 Quomo-

555 4461 608 4534 do
642 4485 730 4557 ergo
772 4484 835 4557 per
872 4460 1092 4536 sacerdotalis
1118 4459 1225 4537 officit
1264 4464 1475 4560 dignitatem
1515 4471 1609 4543 inter

555 4553 704 4641 Deum,
728 4560 961 4660 &populum
991 4563 1098 4640 debet
1124 4565 1300 4643 mediatur
1321 4563 1467 4646 allistere
1487 4614 1500 4654 ,
1523 4570 1609 4663 quia

1536 4692 1559 4746 a
