3800 5417
508 598 512 607 '
547 592 619 691 De
647 592 833 690 iaceatis
860 581 1121 713 capitalibtui
1285 598 1378 711 m*

324 760 499 856 cuneta,
520 791 605 871 qna
633 771 799 849 omnium
821 770 993 848 vitiorum
1013 769 1155 854 summ.
1181 789 1225 848 ac
1249 771 1373 848 nuni!
1398 806 1402 813 ·

325 873 387 950 eu
415 871 538 964 Quem
560 870 697 949 ebrium
708 867 805 947 fuisse
818 869 1035 956 constiterit,
1057 868 1204 949 utorio
1217 872 1371 963 patitur.

324 989 388 1051 aut
411 974 555 1068 triginta
587 968 726 1048 dierum
748 968 859 1066 spatio
883 967 1156 1046 communione
1187 967 1372 1047 statmmue

324 1070 651 1152 submovendum,
684 1084 746 1146 aut
775 1069 954 1162 corporali
984 1067 1206 1146 subdendum
1240 1068 1373 1167 suppli·
1446 1164 1450 1171 .
1504 1062 1547 1098 ’ς’

326 1172 477 1263 cio·„„.
502 1167 618 1265 Quod
644 1167 763 1245 iisdem
790 1169 905 1246 verbio
931 1164 1141 1246 aConciiio
1168 1165 1372 1255 Veneticu.
1441 1184 1448 1191 ”

325 1269 415 1349 Can.
435 1288 493 1360 ις.
523 1277 708 1346 decretum
728 1266 802 1347 est,
827 1267 936 1344 &lib
967 1283 1006 1363 7.
1031 1265 1289 1368 capitularium
1317 1271 1374 1345 in·

324 1369 456 1447 sertum
479 1360 609 1446 0218.
632 1369 671 1445 ἃ
694 1387 778 1460 270·
804 1390 881 1467 quo
903 1368 1088 1465 postremo
1102 1367 1191 1444 ioco
1206 1366 1254 1446 irc
1269 1366 1379 1445 raser-

325 1482 385 1546 tur
406 1489 418 1549 t
448 1522 505 1563 ,η
534 1470 627 1546 Ante
646 1470 767 1570 omnia
789 1465 937 1546 clericis
960 1471 1090 1545 uitetur
1108 1469 1277 1556 ebrietas,
1293 1488 1377 1566 quaa
1531 1483 1535 1487 “

327 1570 493 1646 omnium
515 1569 686 1646 vitiorum
716 1567 856 1654 somer,
879 1590 922 1645 ac
941 1570 1065 1646 nutrix
1090 1566 1152 1644 est.
1189 1565 1270 1645 Nec
1294 1569 1376 1667 quie

326 1668 445 1775 potest
470 1667 622 1745 liberum
645 1669 809 1765 corporie
842 1666 892 1745 sui
912 1722 923 1753 ‚
947 1690 991 1744 ac
1010 1669 1140 1744 mentia
1164 1665 1291 1744 habere
1316 1668 1377 1761 jo-

325 1770 481 1848 moun,
503 1771 586 1867 qui,
604 1781 730 1866 captur
750 1770 859 1850 aino,
875 1791 896 1842 a
915 1763 1013 1843 sensu
1028 1767 1200 1864 probatur
1215 1767 1374 1853 alienus,

326 1869 365 1944 δι
391 1865 581 1962 proclivius
610 1868 656 1944 ad
683 1865 853 1962 iudicium
878 1889 979 1943 mene
1002 1865 1165 1947 tabentia
1193 1867 1371 1955 ducatur.

326 1982 388 2045 aur
411 1965 620 2066 pierumque
642 1967 758 2063 potest
781 1978 991 2061 peccatum,
1011 1982 1074 2044 ant
1097 1969 1255 2055 crimen,
1279 1966 1384 2045 dum·
1444 1968 1450 1983 '

326 2064 436 2143 nescit
452 2113 465 2153 ,
483 2070 672 2145 incurrere·
707 2064 913 2164 Ignorantia
933 2088 1020 2143 vero
1044 2064 1120 2142 talia
1153 2088 1231 2143 uon
1251 2066 1371 2165 potest

326 2164 484 2341 effirffgere
509 2187 681 2265 poenam.
703 2169 812 2265 quam
835 2188 882 2241 ex
906 2166 1102 2244 voluntaria
1122 2168 1275 2242 amentia
1294 2189 1372 2242 ma·
1417 2251 1424 2271 Ι

328 2288 373 2342 na
403 2266 648 2344 econiiirerit
673 2263 798 2363 itaque
819 2286 1076 2363 quemcunque
1101 2264 1240 2342 ebrium
1268 2261 1372 2343 suisio

328 2363 545 2453 constiterit,
565 2380 607 2442 ut
624 2363 718 2441 ordo
736 2370 890 2463 patitur,
908 2380 969 2444 ant
981 2365 1214 2462 quadraginta
1230 2366 1372 2443 dierum

327 2463 439 2561 spatio
458 2458 766 2544 acommunione
785 2464 968 2543 statuimur
981 2463 1291 2552 submovenduma
1309 2475 1374 2563 aut

326 2564 505 2660 corporali
531 2566 757 2643 subdendum
777 2563 950 2664 supplicio
982 2618 1005 2657 „
1020 2614 1055 2657 „·
1083 2559 1247 2642 Refertur
1265 2566 1374 2643 etiam
1443 2596 1449 2608 ·

323 2688 353 2744 a,
368 2667 532 2735 Gratiano
558 2661 646 2742 Can.
671 2670 763 2737 Ante
784 2668 918 2753 omnia,
939 2664 1016 2741 dist·
1030 2680 1089 2761 35·
1450 2731 1452 2736 .

378 2763 585 2842 Concilium
593 2760 803 2841 Turonense
818 2785 846 2839 r.
867 2761 957 2843 Can.
967 2783 1000 2841 2.
1020 2818 1079 2857 „,‚
1106 2759 1376 2840 Fomitemom-

325 2862 968 3058 atatu‘ttnitrtts‘ut*t
997 2862 1374 3057 attinuerit
1482 2958 1510 3018 ‚.
1525 2962 1574 3025 a

326 3063 427 3158 graui
455 3064 602 3139 ebrietas
635 3060 807 3161 supplicio
835 3066 1032 3160 expietur,
1058 3062 1152 3139 idem
1180 3061 1373 3157 apostolica

325 3160 521 3239 manifestat
534 3161 716 3248 notitior,
733 3165 824 3240 iuter
845 3181 969 3241 caetera
992 3163 1133 3241 dicens:
1153 3161 1285 3260 Neque
1298 3161 1373 3237 sor·
1388 3150 1414 3204 ¹·
1440 3135 1508 3202 ⁰⁰¹·
1524 3144 1557 3208 ⁶·

326 3265 531 3344 nicatorem
552 3284 668 3356 neque
699 3261 803 3338 idoiia
829 3261 1040 3343 servientes,
1065 3285 1182 3356 neque
1214 3260 1371 3338 ebriosoe

326 3383 479 3458 regnum
503 3358 574 3438 Dei
589 3357 810 3455 possessuros·
835 3363 871 3438 Si
894 3365 973 3463 quia
1003 3365 1145 3439 veroin
1166 3365 1267 3439 omni
1289 3356 1371 3437 offi-

325 3462 387 3536 cio
409 3460 559 3537 clericati
580 3457 664 3536 Deo
683 3459 834 3537 militans
855 3461 900 3539 ab
920 3464 1089 3538 ebrietate
1107 3461 1142 3537 se
1168 3484 1244 3536 non
1264 3460 1370 3537 absti-

325 3564 467 3646 nuerit‚
487 3559 680 3636 secundum
706 3560 811 3637 statur
835 3558 883 3638 sui
905 3558 1071 3637 ordinem
1093 3575 1305 3656 competens
1329 3562 1369 3638 in

324 3681 409 3739 eum
433 3660 584 3735 vinditio
604 3659 777 3736 tribuatur
802 3714 824 3751 ‚,
840 3714 873 3751 ‚,.
1070 3698 1073 3703 ·

378 3757 585 3836 Concilium
595 3756 1044 3853 Treverenseannotiii·
1061 3753 1151 3842 can.
1165 3775 1197 3835 t.
1218 3808 1274 3852 „„
1299 3754 1370 3838 Eb-

324 3859 431 3934 rietus
459 3854 625 3954 (inquit)
647 3856 836 3956 insignium
859 3858 1077 3953 flagitiorum
1098 3860 1301 3946 incitatrix,
1326 3881 1379 3938 au·

324 3957 532 4051 scaturigo,
554 3980 635 4058 quae
661 3959 698 4033 in
719 3955 1050 4044 comessationibus.
1076 3958 1382 4037 &coutentium

324 4056 366 4132 lis
388 4058 620 4140 dominatur,
640 4055 909 4134 ecclesiasticum
936 4056 1087 4155 gradum
1114 4057 1249 4136 summa
1283 4080 1370 4137 cum

324 4154 932 4357 iiiiiiiitriiiiiiii'iir
945 4155 1372 4336 misissit

325 4357 497 4455 Synodue
518 4359 676 4455 primurn
697 4353 872 4451 suspendit
888 4380 900 4450 3
919 4354 1048 4432 deinde
1070 4354 1095 4433 u
1118 4360 1222 4435 etiam
1254 4360 1373 4454 impu·

322 4457 449 4533 denter
489 4455 700 4532 detestandae
728 4453 976 4532 consuetudini
994 4455 1062 4538 ‚st
1094 4455 1189 4534 otuu
1219 4457 1371 4554 pariter·

322 4577 366 4632 ac
387 4553 461 4634 visu
479 4552 697 4643 suadissimae.
711 4553 853 4634 ulterius
873 4552 1090 4646 inhaesarint‚
1112 4559 1280 4635 omuibus
1304 4555 1372 4630 ho·

1249 4672 1318 4731 no·
