3800 5417
568 521 653 628 iun
732 514 1076 652 TheoLDogi&
1100 441 1264 637 Mornlt·
1281 469 1376 607 Lib}
1405 516 1486 619 ΙΙΙ,

368 683 524 753 rreffalio
569 690 714 772 suntad
739 689 1032 768 extenuationem
1057 687 1169 770 sortis.
1198 684 1287 763 Haec
1301 710 1425 784 ‘porro
1448 696 1619 792 exceptio

362 766 429 828 [ω’
569 791 716 872 fundata
735 797 783 868 eii
805 794 842 865 in
860 805 1006 877 natura.
1035 789 1072 864 &
1098 785 1262 863 c'onditio
1290 787 1511 871 i'eudortimt
1538 819 1621 890 quar

552 888 656 970 ''cunr
675 894 835 990 pignoris
847 889 932 967 loco
947 893 993 966 ad
1016 897 1140 966 verrini
1155 941 1166 974 ,
1182 889 1217 961 &
1232 887 1403 963 directum
1424 895 1619 972 dominum
1642 906 1646 913 ’

569 994 739 1070 redierint
754 989 766 1077 ,’
780 990 984 1065 dominium
1008 989 1112 1073 utile,
1131 989 1188 1065 seu
1202 988 1354 1083 potestas
1364 990 1521 1086 legitima
1538 1018 1619 1089 pet·

569 1092 725 1188 cipiendi
744 1090 875 1166 liutius
898 1112 983 1164 cunr
1008 1089 1174 1164 dominio
1196 1089 1328 1161 arretio
1351 1094 1617 1183 conlolidatur,

417 1260 420 1271 .
569 1192 607 1266 &
625 1206 811 1285 propterea
844 1189 975 1265 frutiur
1000 1191 1045 1263 ad
1073 1188 1263 1292 dominum
1291 1186 1385 1262 feudi
1411 1195 1617 1286 pertinent,
1646 1232 1648 1235 ·

560 1290 685 1368 ''modo
697 1286 873 1365 vass'aiium
893 1287 1048 1364 absolvat
1058 1291 1101 1362 ab
1115 1289 1215 1360 omni
1230 1290 1463 1374 iervitute,&
1481 1309 1613 1381 onere.

427 1397 433 1408 '
564 1391 647 1467 'uo
664 1389 812 1486 propter
841 1387 1021 1464 i'ruiiuum
1049 1385 1297 1484 poisessionetn
1322 1387 1615 1484 adstringebat'ui.

609 1511 675 1567 auc
701 1488 876 1584 Regulam
900 1487 1090 1562 confirmat
1115 1490 1303 1556 Atexanner
1331 1489 1402 1557 m.
1424 1512 1501 1586 cap.
1529 1497 1614 1563 con·

567 1586 694 1687 'querius
708 1644 719 1675 ,
734 1589 814 1664 Ext-
832 1590 887 1659 De
899 1586 1026 1675 Usurin
1044 1585 1182 1662 Verum
1208 1583 1231 1658 sr
1249 1583 1418 1664 dominus
1434 1590 1613 1670 varinium

566 1701 589 1766 ir
619 1688 780 1765 servitute
804 1686 900 1764 feudi
934 1710 1009 1764 non
1030 1687 1215 1781 abioivat,
1244 1688 1375 1763 tructus
1405 1697 1443 1764 in
1478 1693 1613 1772 iorteur

566 1805 779 1887 computare
802 1785 967 1868 teneturr
984 1788 1143 1885 alioquin
1162 1790 1197 1861 ‘ri
1221 1790 1338 1862 mutui
1359 1788 1490 1885 aliquid
1519 1797 1613 1870 acci-

566 1888 666 1986 'peret
687 1888 777 1966 ultra
793 1885 943 1982 sortem,
965 1890 1127 1985 adeoque
1149 1885 1320 1963 uiurau'ur
1345 1887 1427 1966 eii'et
1446 1940 1456 1968 .
1475 1905 1515 1968 'ut
1533 1891 1611 1968 cola

422 2064 426 2074 ,
502 2003 510 2018 “
560 1988 687 2086 Jigitur
709 2011 756 2065 ex
776 2010 854 2082 capt
875 1984 1122 2074 insinuatione,
1143 1984 1228 2067 Ext,
1258 1989 1313 2055 ue
1338 1991 1457 2058 Perdis
1478 2045 1489 2077 ,
1508 1991 1611 2088 quod

366 2053 511 2156 Curretia,
566 2087 750 2160 Innocenrii
773 2089 844 2168 ΙΙΙ.
876 2085 1079 2183 responsum
1105 2087 1164 2161 ests
1197 2139 1250 2176 „„
1275 2083 1508 2167 Declaramu'r
1529 2101 1612 2180 ian·-

364 2157 470 2223 pignus
490 2141 539 2208 ‘s‘
565 2183 780 2288 'quidquod
790 2189 952 2286 gageria,
978 2188 1088 2297 quarn
1103 2190 1147 2261 de
1169 2185 1279 2261 feuuo
1293 2187 1453 2264 Eccieuae
1477 2209 1546 2267 tuae
1564 2191 1610 2270 ab

564 2287 853 2384 M.nign0seens
875 2287 1061 2379 recepiiie,
1085 2310 1105 2361 a
1131 2304 1165 2362 te
1189 2287 1306 2382 potest
1319 2286 1427 2363 iibere
1439 2289 1608 2380 detinent

565 2388 734 2467 fructibus
754 2407 830 2463 nun
852 2392 1069 2478 computatis
1096 2390 1132 2460 in
1155 2394 1285 2462 iortent
1313 2389 1392 2477 ;ita
1416 2392 1609 2487 videlicetr

563 2506 607 2568 ut
626 2489 796 2588 quamdiu
818 2487 949 2562 iiutius
974 2487 1053 2561 iilos
1070 2493 1267 2581 perceperis
1289 2488 1329 2561 iu
1351 2487 1482 2564 sorter'u
1503 2493 1608 2567 urini-

562 2595 623 2666 ine
636 2590 921 2687 computandos,
936 2584 1033 2660 idem
1053 2585 1109 2667 M.
1134 2610 1153 2660 a
1180 2586 1343 2663 retortio,
1363 2588 1492 2685 inquo
1514 2595 1606 2678 tini.

560 2686 853 2765 &Eccleiiaetuae
874 2705 943 2781 pro
966 2686 1077 2764 feudo
1104 2693 1180 2783 ipio
1201 2701 1341 2763 tenetur
1362 2734 1375 2772 ‚
1394 2690 1538 2767 interint
1562 2688 1607 2769 fir

558 2790 728 2867 immunis
747 2841 819 2882 ,‚„.
1101 2795 1105 2804 '

845 2967 1305 3057 REGULnxn

558 3107 679 3212 Gener
710 3157 785 3211 non
819 3150 960 3211 tenetur
984 3149 1195 3228 computare
1231 3134 1268 3206 in
1305 3131 1439 3212 sortem
1470 3101 1635 3217 frudun·

501 3235 505 3273 ²
606 3232 859 3331 poiiessionum
892 3236 955 3309 iibi
978 3239 1014 3308 in
1043 3239 1172 3331 pignus
1211 3232 1457 3322 traditarum,
1482 3247 1602 3316 conec

514 3413 518 3424 ,
605 3338 731 3413 dotem
755 3339 790 3410 in
811 3339 961 3429 pecunia
980 3339 1077 3410 iocor
1101 3338 1308 3409 numeravit
1629 3367 1634 3372 ·

1542 2875 1562 2916 N

528 3517 531 3522 ·
661 3491 772 3571 ullum
798 3486 893 3567 enirn
909 3492 957 3567 ibi
982 3493 1148 3571 mutuum
1163 3491 1370 3577 intercedit,
1385 3489 1441 3568 sed
1455 3493 1601 3592 partium

588 3620 591 3624 ·
676 3592 868 3669 secundum
894 3593 989 3688 leger
1014 3595 1169 3678 licitum,
1193 3610 1233 3668 ut
1253 3598 1426 3688 quamdiu
1450 3607 1519 3670 uos
1543 3604 1600 3672 ios

555 3691 636 3769 luta'
648 3717 724 3768 non
736 3694 862 3769 ruerit,
881 3697 1012 3770 iundur
1034 3696 1076 3770 iit
1089 3698 1173 3771 loco
1188 3697 1366 3789 pignone,
1384 3697 1599 3793 interimque

553 3792 688 3870 frudun
713 3796 950 3888 percipiantur
963 3849 971 3876 ,
983 3800 1045 3890 qui
1061 3801 1246 3871 cenientur
1261 3799 1382 3868 eadem
1396 3795 1597 3891 potestate·

555 3893 595 3967 ἃ
620 3891 803 3969 voluntate
823 3891 997 3978 concessi,
1019 3917 1088 3991 qua
1112 3897 1181 3989 ipi'a
1201 3903 1288 3984 uos3
1307 3894 1402 3969 nulla
1426 3897 1535 3989 agitur
1548 3898 1596 3973 ibi

553 3995 655 4069 ui'ura
682 3993 752 4072 est.
774 4015 854 4088 quae
879 4015 924 4068 err
950 4011 1080 4069 mutuo
1105 3997 1278 4089 procedit·
1307 3993 1494 4087 Praeterea,
1520 4017 1597 4072 mt-

550 4094 641 4167 ritur
674 4091 805 4166 irutius
831 4096 981 4189 percipit
1004 4116 1048 4167 ex
1071 4117 1107 4167 re
1135 4118 1154 4167 a
1179 4100 1302 4168 iocero
1326 4098 1364 4167 in
1389 4099 1596 4187 pignusdr-

543 4204 607 4272 ra.
626 4212 702 4264 non
728 4205 896 4286 tanquam
921 4191 1085 4277 ui‘uranr,
1113 4192 1168 4266 i'ed
1196 4213 1364 4288 tanquam
1387 4193 1592 4290 cornmin-

548 4275 689 4362 tionehr
713 4292 832 4363 damni
856 4295 1067 4384 emergentis
1098 4314 1144 4366 ex
1169 4314 1239 4368 eo»
1260 4295 1371 4387 quod.
1389 4293 1498 4368 orreir'
1518 4315 1595 4371 mn·
1618 4303 1620 4308 '

497 4409 501 4422 ·
523 4459 528 4466 ,
547 4390 709 4462 trimonii
730 4391 818 4474 i'erat
834 4390 921 4463 dote
948 4413 1022 4463 non
1043 4391 1167 4472 inluta.
1194 4390 1252 4466 Sic
1270 4393 1460 4487 reipoudet
1480 4395 1593 4464 Innvc.

494 4569 499 4584 .
549 4489 618 4562 HI.
642 4509 721 4584 capt
742 4487 945 4579 urrunnu,
970 4489 1052 4572 Ere.
1079 4499 1133 4564 Dr
1154 4494 1293 4585 inerrat
1312 4545 1369 4587 Μ,
1397 4498 1488 4568 orne
1510 4492 1589 4584 (in-

467 4603 471 4608 '
689 4653 691 4657 .
798 4629 802 4634 ·
1442 4592 1547 4686 quit)
