3800 5417
509 582 642 718 ,ne
671 582 857 679 annas
878 578 1143 699 capriuno
1295 559 1377 695 ⁶43
1463 578 1466 587 ’

322 755 362 837 ἀ
386 751 648 838 charibdiunr‘
665 754 843 842 allodium·
881 752 925 833 lit
947 759 1055 833 etiarn
1079 755 1308 853 requiritur,
1336 769 1380 836 trt
1408 796 1412 801 ·

320 879 400 946 uon
420 858 525 933 nimis
541 855 695 953 longum
708 870 808 932 texat
823 855 1021 933 sermonem
1034 855 1080 931 de
1092 870 1165 931 tam
1189 852 1279 930 rnala
1300 875 1379 933 nra·
1495 916 1499 925 .

233 1016 235 1021 .
319 959 435 1043 teria,
460 958 496 1031 ἃ
519 956 735 1053 displicebili
770 954 872 1032 Sicut
903 961 959 1052 pia
979 972 1092 1031 mater
1120 977 1195 1031 non
1226 951 1383 1030 delecta.-

318 1068 381 1135 tur
407 1059 443 1133 in
467 1056 644 1132 narrando
664 1055 776 1152 longa
806 1054 897 1131 mala
917 1054 976 1131 filii
1003 1054 1085 1139 sui,
1107 1064 1174 1132 neo
1194 1053 1302 1135 etlam
1323 1055 1377 1130 di·

318 1158 372 1233 oit
391 1155 449 1233 illa
475 1155 538 1233 nisr
561 1179 608 1233 ex
633 1153 851 1242 uecellrtate,
871 1166 1018 1253 utputa
1041 1153 1105 1251 ipfi
1123 1155 1292 1234 neduor
1311 1166 1378 1240 aut

298 1254 386 1342 ¹illie
405 1310 417 1343 ,
435 1259 498 1353 qni
523 1258 598 1350 ejus
630 1254 727 1331 saluti
762 1269 934 1352 poterunt
960 1251 1149 1353 prodelle.
1174 1255 1211 1330 dr
1240 1249 1377 1337 malurn

318 1354 482 1438 adiacens
503 1371 672 1434 avertere,
697 1353 756 1432 Sic
779 1357 900 1453 itaque
921 1352 1099 1432 narrando
1116 1353 1260 1453 suspirat
1277 1351 1373 1443 alte.

318 1456 499 1539 tristatur,
535 1455 664 1539 dolet,
691 1455 732 1530 da
757 1455 937 1536 abbreviat
956 1452 1156 1533 sermonem
1171 1502 1183 1537 ‚
1197 1466 1375 1552 quantum

318 1555 507 1656 praevalet,
533 1556 570 1631 br
598 1568 774 1655 quantum
794 1553 933 1653 ridetur
956 1551 1115 1631 sufficere
1137 1554 1183 1630 ad
1203 1551 1373 1631 ostendo-
1460 1572 1467 1585 ·

317 1680 404 1732 nem
433 1654 671 1742 infirmitatis.
694 1678 777 1752 quae
805 1654 866 1735 fibi
889 1668 996 1731 tantae
1019 1655 1163 1736 tristitia
1185 1652 1376 1741 causanti·

316 1755 388 1841 stit,
413 1756 482 1835 Sed
506 1756 594 1840 dum
620 1754 701 1850 quis
724 1755 885 1853 loquitur
907 1753 1043 1840 malurn
1067 1755 1114 1831 de
1139 1754 1211 1832 aliie
1237 1775 1286 1831 ex
1318 1754 1376 1833 lo·

316 1862 524 1955 quacitate.
553 1856 633 1933 lunt
661 1854 758 1953 ligna
772 1848 966 1954 opposta,
991 1858 1162 1950 quoniam
1184 1869 1273 1935 tunc
1295 1856 1376 1933 len·

320 1961 366 2037 rit
384 1958 669 2052 indignationem
689 1957 798 2030 animi
817 1968 943 2045 contra
964 1976 1047 2040 eos,
1061 1956 1108 2031 de
1126 1975 1284 2053 quorum
1299 1976 1376 2034 ara·

293 2056 360 2135 -lir
387 2057 569 2154 loquitur,
596 2078 682 2135 curn
701 2054 854 2155 quadam
876 2050 1112 2131 amaiitudine
1136 2055 1223 2138 fellis
1245 2077 1376 2134 corro-

261 2199 271 2229 .
316 2157 392 2242 dit,
412 2158 467 2247 dr„
478 2154 624 2235 mordet
647 2154 740 2250 iulos
766 2155 948 2240 absentes,
975 2155 1147 2233 &verbis
1175 2153 1241 2232 luis
1267 2179 1373 2235 vene·

315 2258 433 2347 narie,
454 2255 648 2354 linguaque
664 2252 753 2333 ficut
771 2254 912 2352 gladius
932 2269 1058 2332 acutur
1082 2268 1229 2339 acuam,
1245 2253 1374 2337 lacerat
1489 2336 1490 2340 Ν

271 2382 275 2388 ·
315 2354 390 2433 fine
414 2352 669 2441 misericordia,
696 2353 770 2432 line
788 2356 904 2457 aliqua
926 2351 1172 2452 compaffione
1187 2407 1198 2434 ‚
1214 2378 1283 2433 nec
1304 2379 1374 2454 po·
1448 2438 1451 2449 ,

314 2459 369 2534 nit
394 2455 503 2540 finem
535 2457 649 2532 uerbis
672 2451 739 2534 inis
765 2511 777 2543 ,
802 2460 883 2555 qula
908 2454 1020 2532 latiari
1046 2457 1175 2554 nequit
1206 2457 1282 2550 ejua
1306 2479 1374 2537 voe

314 2578 382 2635 tax
402 2554 533 2632 invidit
556 2610 632 2672 W.

364 2712 387 2748 ‚,
404 2711 427 2749 „
441 2652 577 2754 Loqui
599 2653 736 2743 malurn
759 2651 805 2736 de
822 2652 892 2732 alio
911 2653 1042 2736 direlle
1058 2677 1106 2732 ex
1125 2651 1233 2742 odio.
1258 2653 1296 2731 ἃ
1317 2653 1373 2733 in·
1535 2666 1539 2673 ‘

313 2757 429 2842 vidia,
446 2755 584 2852 semper
608 2755 657 2831 est
680 2766 885 2845 neccarum.
922 2754 966 2835 Et
994 2756 1141 2854 quando
1168 2752 1371 2836 notabiliter
1417 2796 1431 2832 ι

315 2854 455 2942 luditur
484 2878 547 2953 per
575 2853 649 2930 hoc
671 2853 782 2941 aliena
806 2855 896 2931 lanta
910 2882 921 2948 ;
944 2858 980 2933 u
1006 2855 1093 2931 dunr
1122 2855 1272 2953 loquens
1294 2851 1370 2933 hoc

313 2954 469 3034 advertit
490 2961 527 3030 in
542 2952 601 3033 lua
621 2953 856 3037 conscientia,
877 2969 938 3034 aut
959 2961 1142 3033 advertere
1164 2955 1298 3055 pollet.
1318 2953 1369 3041 est

315 3058 459 3152 gravim
474 3067 661 3150 peccatum
680 3050 858 3147 saeprffine
877 3079 985 3152 qoam
1000 3055 1160 3141 furtum,
1179 3074 1242 3135 aut
1258 3075 1369 3156 quam

262 3188 274 3225 e
314 3156 410 3231 soret
430 3154 504 3230 elus
529 3157 689 3229 carnium
713 3151 770 3234 die
801 3160 962 3246 veneria,
988 3155 1044 3272 vel
1069 3159 1193 3253 ieiunii
1209 3152 1371 3241 Ecolefiae
1434 3223 1439 3229 .
1595 3148 1598 3156 ’

315 3256 440 3363 anagni
461 3253 707 3352 cujuscunque
727 3308 749 3347 „
767 3302 805 3346 „.

587 3437 1095 3532 REGULA‘XII.

313 3598 390 3707 Qui
409 3599 542 3692 malum
564 3599 736 3701 aliquod,
756 3602 812 3679 vel
847 3602 1024 3695 defedlunr
1049 3606 1205 3700 proximi
1232 3605 1370 3702 aperit.

362 3701 492 3798 absque
515 3705 637 3777 animo
665 3704 841 3789 nocendi,
863 3704 994 3798 absque
1019 3704 1113 3794 odii,
1134 3713 1217 3792 irae,
1237 3706 1294 3782 vel
1312 3710 1368 3788 in.

362 3802 464 3893 vidiae
492 3800 644 3888 auena,
672 3801 728 3877 sed
753 3826 800 3878 ex
820 3827 917 3883 mera
939 3805 1102 3893 levitate,
1129 3806 1370 3904 loquacitate,

360 3899 470 3975 aliave
492 3902 591 3977 causa
611 3925 687 3978 rron
711 3900 915 3990 necellaria,
937 3905 1080 4003 venialis
1096 3905 1270 3988 duntaxat
1284 3929 1371 4005 peo-

362 4002 434 4083 oati
454 4023 533 4076 reus
556 4001 624 4086 eil,
652 4000 714 4084 nist
730 4007 860 4091 verba,
881 4028 961 4103 quae
987 4005 1142 4100 profert,
1164 4031 1271 4102 grave
1289 4007 1367 4085 vul·

363 4121 432 4181 nus
456 4103 576 4176 alienae
600 4100 700 4178 lama
730 4104 918 4202 infligant,
947 4106 1002 4180 vel
1025 4105 1186 4209 infligere
1213 4105 1365 4210 posfintq

363 4211 454 4275 tunc
476 4203 571 4275 eninr
605 4199 733 4279 lethale
758 4220 946 4303 peccatum
972 4205 1037 4283 est.

312 4355 476 4515 Hanc
499 4355 675 4478 Regularn
703 4361 808 4437 tradit
836 4366 868 4438 S.
887 4360 1055 4481 Tiamaa,
1083 4365 1170 4441 loco
1194 4361 1367 4478 supraci-

425 4471 512 4534 tato·
534 4514 555 4549 „
570 4513 593 4548 ,‚
620 4458 796 4535 Stantem
818 4466 983 4557 (unqua)
1009 4465 1166 4562 proferat
1190 4463 1367 4552 exanimi

314 4551 457 4645 levitate
475 4603 487 4644 ‚
507 4572 658 4672 propter
680 4558 824 4750 cuuiung
841 4564 996 4760 affliguntur,
1016 4588 1094 4655 nou
1121 4559 1366 4752 neceffw’
