3800 5417
461 637 465 649 .,
520 643 527 654 .
580 587 648 687 De
668 588 852 723 Peccatis
877 519 1163 707 capitalibus),
1327 589 1431 723 372,
1606 692 1619 709 e

356 781 383 837 a
397 758 508 837 totius
526 761 654 858 populi
684 765 969 860 congregatione
988 759 1177 860 ‘seiunilus
1193 817 1204 850 ,
1221 787 1410 864 nunquam

355 856 535 936 nisiinter
559 861 801 958 demoniacos
820 866 963 958 jubetur
995 885 1098 940 orare
1117 862 1208 958 „„i
1333 949 1335 951 .
1369 867 1370 871 '
1476 897 1480 906 *

408 958 497 1055 Cap·
515 977 569 1055 15.
586 960 686 1039 ldem
697 966 836 1056 wprobat
847 987 894 1041 ex
912 969 944 1037 S.
955 960 1075 1046 Bassia
1088 986 1099 1056 ς
1110 965 1156 1039 ita
1169 963 1405 1044 decernente:

354 1058 610 1152 „„Clericus,
627 1062 684 1138 vel
707 1061 906 1140 monachus
932 1061 1223 1146 adolescentum,
1249 1063 1305 1140 vel
1330 1087 1412 1160 par·
1468 1083 1471 1098 ¹
1543 1139 1546 1146 ,

354 1159 527 1236 vulorum
546 1161 752 1246 insedator,
768 1163 822 1239 rel
847 1165 910 1258 qui
931 1162 1056 1252 osculo
1083 1213 1094 1242 .
1118 1162 1173 1240 vel
1200 1163 1409 1262 quialiqua

272 1334 276 1335 f
354 1258 546 1339 occasione
567 1266 662 1359 turpi
679 1261 916 1361 deprehensus
933 1263 1059 1349 suerit,
1077 1261 1221 1361 publice
1244 1266 1407 1341 verbere·
1549 1297 1558 1330 ι

354 1372 446 1447 tur,
471 1360 509 1435 dc
540 1384 718 1441 coronam
749 1365 925 1448 amittat,
958 1361 1231 1461 decalvatusque
1259 1365 1410 1455 turpiter

354 1457 587 1555 sputamentis
604 1462 796 1540 obliniatur
813 1466 849 1538 io
872 1460 983 1555 facie,
1007 1461 1227 1562 vinculisque
1258 1462 1409 1546 artletur

322 1582 327 1588 ·
353 1559 496 1645 ferreis,
521 1561 686 1640 carcerali
717 1562 777 1640 sex
800 1559 977 1641 mensibus
1002 1562 1160 1660 angustia
1188 1579 1410 1649 maceretur,

271 1705 279 1712 »
355 1658 394 1736 de
416 1657 536 1739 triduo
557 1686 620 1758 per
639 1660 882 1740 hebdomadas
904 1661 1132 1760 langulasex
1155 1684 1245 1757 pane
1258 1659 1412 1740 hordea·

329 1781 424 1834 ·ceo
445 1762 489 1835 ad
516 1761 698 1857 uesperam
722 1761 895 1843 reficiatur
908 1787 919 1857 ;
932 1761 1013 1859 post
1035 1760 1112 1838 haec
1136 1761 1208 1838 aliis
1228 1759 1288 1836 sex
1313 1784 1412 1857 men·

354 1856 449 1937 libus
481 1857 543 1939 sub
566 1864 723 1939 Senioris
750 1860 931 1960 spiritualis
956 1861 1116 1944 custodia
1136 1903 1146 1938 2
1169 1859 1349 1958 segregata
1372 1862 1412 1947 ln

350 1962 528 2040 curticula
547 1963 704 2060 degens,
721 1965 823 2058 operi
850 1986 1049 2058 manuum,
1070 1961 1106 2038 de
1128 1964 1282 2037 orationi
1297 1958 1337 2038 stt
1356 1962 1413 2038 in·

355 2073 500 2147 tentus,
524 2063 672 2157 vigiliis,
690 2062 728 2140 de
748 2059 969 2140 orationibus
991 2060 1184 2156 i'ubjesius,
1200 2060 1238 2134 dr
1262 2059 1325 2160 sub
1348 2082 1412 2138 cu·

352 2158 471 2235 >studia
495 2159 631 2258 semper
644 2163 802 2245 duorum
813 2161 1045 2260 spiritualium
1074 2161 1222 2239 fratrum
1234 2159 1410 2246 ambulet,
1560 2158 1564 2165 ’

354 2259 784 2355 nullapraralocutione,
803 2262 857 2339 rel
870 2260 1021 2340 consilio
1044 2258 1211 2358 deinceps
1221 2261 1410 2357 juvenibus

354 2360 633 2458 conjungendus
660 2412 733 2456 ‚„,.
760 2360 955 2462 anutbus
979 2366 1020 2435 Β.
1040 2369 1155 2431 Petrus
1175 2363 1337 2431 Damiani
1362 2365 1411 2459 ita

298 2462 300 2467 '
354 2458 520 2556 colligit:
545 2517 603 2554 „,
628 2459 699 2540 Hic
720 2461 995 2540 carnalishomn
1021 2458 1173 2538 studiose
1183 2460 1408 2560 perpendat,

352 2573 479 2637 utrum
499 2560 733 2641 ecclefiasticis
758 2559 883 2647 officiis
930 2577 1014 2647 tuto
1048 2560 1237 2640 ministrare
1274 2561 1411 2647 valeat,

348 2681 464 2755 quem
489 2660 582 2739 sacra
606 2663 804 2740 Auctoritas
838 2679 911 2740 tam
934 2659 1203 2760 ignominiosis,
1238 2676 1311 2736 tam
1337 2674 1414 2736 tur·

353 2761 459 2860 pibus
491 2759 800 2843 dehonestandum
828 2763 1055 2840 contumeliis
1080 2762 1225 2856 judicat·
1262 2758 1342 2836 Nec
1364 2770 1413 2840 eit

353 2883 403 2934 eo
425 2857 486 2937 fibi
510 2861 732 2950 blandiatur,
748 2868 830 2961 quia
857 2867 1038 2939 neminem
1066 2864 1302 2958 corruperit,
1325 2881 1413 2945 cum

353 2957 565 3055 apertissime
584 2962 755 3059 scriptum
779 2961 894 3040 videat
918 3013 929 3046 ,
960 2964 1042 3058 quia
1066 2964 1126 3062 qui
1158 2959 1235 3038 soso
1265 2958 1413 3047 osculo,

356 3057 414 3136 vel
437 3061 553 3154 aliqua
574 3061 762 3139 occasione
788 3066 884 3158 turpi
908 3062 1146 3159 deprehensus
1182 3058 1309 3142 suerit,
1331 3080 1415 3135 om·
1449 3103 1451 3114 ι

354 3160 460 3235 nibus
479 3161 551 3236 illis
566 3162 746 3259 probrosae
772 3163 961 3257 disciplinae
986 3160 1256 3240 confusionibus
1283 3162 1413 3254 merito

355 3257 558 3353 subjacebit·
599 3261 718 3365 Quod
745 3264 770 3340 sr
795 3263 956 3341 osculum
984 3279 1057 3340 tam
1089 3261 1231 3340 austeras
1269 3259 1415 3336 ultionis

355 3357 530 3456 supplicio
572 3362 772 3460 plectitur,
801 3362 870 3460 ipsa
896 3387 982 3440 cum
1018 3362 1103 3447 alio,
1128 3362 1412 3446 contaminatio,
1520 3379 1521 3427 l

356 3461 445 3557 quid
470 3463 654 3543 meretur?
672 3461 728 3538 Ad
754 3463 974 3556 puniendum
996 3487 1151 3557 namque
1171 3463 1229 3539 cui
1252 3460 1415 3549 crimini,

355 3564 415 3637 cui
440 3561 690 3649 immanissimo
717 3562 835 3643 sceleri
863 3587 938 3639 non
971 3559 1148 3648 sufficeret
1176 3560 1317 3655 publice
1338 3583 1418 3633 ver·
1519 3616 1521 3620 -

354 3663 466 3738 berari
483 3718 493 3749 ,
508 3687 683 3741 coronam
704 3666 866 3739 amittere
893 3709 902 3739 ‚
929 3666 1085 3756 turpiter
1111 3659 1283 3739 decalvari
1309 3707 1319 3741 ‚
1342 3657 1418 3738 sali·

356 3783 480 3837 varum
505 3762 678 3859 spurcitiis
703 3764 865 3847 obliniri,
886 3761 1116 3845 carceralibus
1148 3759 1315 3856 angustiis
1340 3757 1418 3834 diu·

355 3863 427 3934 tius
462 3868 653 3955 comprimi
678 3919 688 3948 ,
710 3863 830 3940 ferreis
860 3861 1001 3958 insuper
1034 3858 1185 3936 vinculis
1216 3850 1417 3935 coardarii
1452 3913 1458 3926 .

356 3956 581 4036 Postremum
605 3986 753 4062 quoque
786 3962 992 4039 hordeaceo
1016 3985 1107 4058 pane
1132 3957 1227 4037 refici
1258 3961 1419 4060 precipi-

357 4076 438 4151 tut;
462 4062 545 4157 quia
562 4067 624 4157 qui
648 4061 755 4139 sadus
774 4063 824 4139 est
845 4060 933 4139 srcut
956 4086 1087 4158 equus,
1112 4058 1417 4143 &musus,con.
1508 4075 1511 4080 “
1641 4140 1643 4149 1

358 4174 550 4255 grue0non
579 4163 662 4237 cibo
687 4161 840 4239 relicitur
867 4162 1083 4248 hominum,
1105 4159 1163 4235 sed
1192 4182 1335 4237 annona
1357 4162 1421 4254 pa,

358 4258 465 4335 scitur
494 4261 755 4351 jumentorum·
780 4261 896 4339 Porro
924 4259 949 4336 ss
976 4261 1079 4356 hujus
1110 4262 1246 4360 peccati
1274 4257 1419 4355 pondua
1472 4260 1475 4269 '

358 4357 503 4455 pensare
524 4361 739 4457 negligimus
751 4410 766 4452 ,,
786 4363 823 4437 in
842 4364 918 4460 ipso
947 4360 1066 4436 saltem
1088 4362 1309 4456 poenitentiae
1326 4356 1420 4452 judi·

360 4461 441 4544 cio,
456 4457 556 4555 quod
571 4463 787 4555 imponitur,
800 4459 1068 4538 manifestissime
1082 4462 1288 4542 declaratur·
1314 4454 1420 4548 Quis·

360 4562 441 4667 quis
468 4561 566 4638 enim
591 4562 764 4640 canonica
788 4559 941 4740 (ξ’)εηίὶιη
964 4563 1145 4660 publicam
1168 4560 1280 4640 subire
1302 4558 1422 4654 purus·
1556 4641 1558 4643 ,

857 4679 930 4754 03
1220 4732 1222 4734 ,
1295 4674 1376 4736 ten-
