3800 5417
551 573 622 667 De
655 576 841 673 Peccatis
872 577 1165 696 capitalium·
1287 528 1384 699 m«
1423 518 1427 524 Ι

301 759 388 831 ‘aut
408 747 648 847 proponens
675 747 834 830 Notatur
855 752 995 836 infamia
1013 755 1220 853 quicunque
1242 807 1255 840 .
1278 753 1368 847 duos
1410 738 1416 751 ’

324 848 478 948 appellat
502 850 687 943 judicem,
715 854 914 932 convitium
941 857 1081 937 dixerit·
1119 852 1207 931 Non
1229 867 1369 935 tuntum

322 953 374 1034 is.
398 951 461 1046 qul
477 947 722 1028 maleditrun.
740 969 801 1030 aut
822 956 1020 1033 convitium
1047 953 1196 1037 dixerit,
1214 952 1368 1035 famosus
1491 982 1496 999 ‘

322 1034 500 1133 efficitur.
523 1049 580 1124 sed
603 1051 640 1126 dr
662 1053 691 1127 is
710 1053 813 1146 cujus
839 1052 990 1132 condiio
1004 1052 1134 1131 fadum
1155 1049 1222 1129 elie
1244 1067 1366 1147 patue-

322 1156 372 1251 Ιῐίῑ
387 1203 410 1241 ,,
426 1196 462 1243 „.
488 1145 651 1228 Editiuor
665 1148 863 1231 Molinenle
881 1155 1067 1227 conterre
1087 1151 1195 1249 Regis
1213 1152 1367 1231 christia·

323 1246 452 1330 uiliimi
470 1272 568 1325 anno
583 1245 691 1344 1566.
719 1265 783 1328 art·
799 1268 861 1348 77·
886 1256 923 1331 &
948 1252 1130 1333 Parisrenle
1154 1255 1238 1331 anni
1257 1273 1362 1342 ¹57¹·

293 1379 297 1386 ·
323 1364 389 1429 art.
402 1365 461 1434 103
477 1340 688 1427 ¹l'idiariense
711 1355 855 1423 Henrirr'
864 1357 935 1435 111.
959 1357 1040 1430 anni
1055 1371 1160 1447 1577.
1186 1349 1368 1431 Parilirnle
1480 1356 1490 1367 “

324 1452 607 1530 ικάονῐιίΧΙΙΙ.
635 1453 717 1529 anni
731 1463 838 1540 1629.
861 1453 907 1531 de
926 1457 989 1542 iis,
1015 1456 1076 1551 qui
1098 1451 1233 1529 libellos
1256 1450 1372 1529 lamo·

315 1547 383 1625 los
405 1549 696 1647 composuerint.
712 1551 925 1648 scripserint,
952 1557 1045 1654 typis
1070 1551 1263 1630 ediderint,
1285 1574 1373 1629 ven·

325 1647 503 1729 diderint,
526 1646 845 1739 dilleminaaerint,
868 1653 1098 1771 questionem
1116 1651 1254 1733 haberi,
1279 1652 1315 1725 dr
1331 1653 1370 1727 in

323 1749 404 1827 illos
433 1766 600 1865 tanquam
632 1752 782 1846 publicae
806 1775 907 1929 ξαοιε
943 1754 1205 1853 perturbatores
1231 1749 1369 1927 leffbua

322 1853 555 1929 animadverti
577 1850 775 1929 [unxerunt.
831 1855 949 1930 ivero
964 1869 1091 1929 contra
1113 1854 1241 1928 lacrum
1297 1852 1372 1945 egis

322 1949 533 2046 personam,
555 1954 676 2048 regni,
701 1972 891 2051 rerumque
911 1953 1134 2059 publicarum
1156 1946 1374 2037 administra·
1487 2016 1490 2022 .

324 2053 488 2134 tionem,
508 2054 610 2147 regni
644 2053 897 2136 administros,
920 2056 1102 2145 regiorum
1141 2049 1374 2133 confiliorum

323 2146 522 2233 affeffores.
555 2172 596 2225 ac
631 2160 829 2249 praecipuos
860 2153 1077 2250 magistratus
1104 2147 1305 2244 hujusmodi
1331 2145 1372 2225 li.
1427 2189 1432 2211 ι·

323 2248 406 2332 belli
431 2249 622 2344 compositi
644 2254 790 2347 ,scripti
820 2253 875 2330 vel
901 2256 986 2329 editi
1015 2252 1165 2332 fuerint,
1184 2254 1220 2323 in
1252 2247 1375 2331 audo·
1415 2306 1421 2315 .

326 2373 402 2435 tes,
424 2348 635 2444 scriptores,
652 2350 914 2439 distributores,
928 2351 1026 2430 velut
1050 2355 1084 2426 in
1112 2349 1195 2427 taeiae
1213 2347 1392 2444 majesta..
1444 2440 1445 2445 Ν

324 2453 370 2527 tis
393 2472 495 2534 reos.
520 2449 694 2543 &patris
722 2454 921 2548 proditores
943 2455 1022 2547 agi,
1046 2453 1219 2544 vitaque,
1240 2470 1282 2523 ac
1302 2448 1373 2527 bo,-

323 2571 457 2634 norum
478 2552 643 2627 omniurn
665 2553 922 2647 proscriptione
941 2553 1021 2635 illos
1042 2547 1142 2647 plera
1165 2546 1282 2624 statuit
1300 2551 1372 2617 La.

324 2654 461 2731 donicus
483 2647 604 2738 Julius
635 2653 764 2737 editio·
778 2674 867 2736 rnox
890 2653 1061 2730 laudato,
1078 2648 1271 2728 secundum
1304 2660 1378 2739 ιιι,
1504 2658 1508 2663 ·

332 2763 412 2838 ¹83·
451 2748 725 2827 constitutionis
745 2748 938 2834 lileleenlrs·
974 2750 1028 2829 Ex
1054 2753 1181 2844 quibus
1201 2748 1369 2825 omnibus

326 2850 508 2946 colligitur
532 2902 543 2934 .
567 2850 702 2927 lethalis
725 2856 860 2947 peccati
891 2874 970 2927 reoa
1000 2847 1068 2926 else
1089 2846 1290 2922 libellorum
1318 2845 1371 2926 fa·

326 2949 537 3029 mulorum,
561 2970 621 3025 aut
643 2956 851 3031 cantionum
880 2946 1216 3033 contumeliosarum
1248 2946 1370 3031 nullo·

326 3067 404 3139 ret3
428 3046 557 3123 deinde
578 3048 723 3137 scribas,
743 3056 804 3149 qul
824 3040 1045 3127 libellorum»
1063 3062 1123 3125 aut
1137 3048 1368 3124 motionum·
1476 3118 1481 3133 ,
1617 3032 1621 3040 ’

326 3147 385 3229 seu
410 3152 608 3227 cuminum
629 3150 829 3244 hujusmodi
856 3150 1069 3246 exemplaria
1094 3146 1306 3221 describunt·
1333 3164 1389 3234 30·

327 3247 620 3349 Typographos,
643 3255 705 3351 qui
721 3251 871 3334 famosa,
887 3251 924 3325 dr
943 3245 1199 3327 contumeliosa
1219 3245 1366 3341 scripta.

289 3378 293 3383 ·
326 3353 490 3429 cantica,
508 3351 661 3425 carmina
693 3357 784 3450 typis
805 3353 928 3427 edunt.
961 3369 997 3441 4·
1032 3347 1196 3428 onnes,
1221 3346 1284 3441 qui
1309 3341 1367 3420 illa

325 3446 520 3533 vendunt,
545 3446 782 3537 distribuunt,
806 3451 972 3532 donant.
998 3453 1169 3529 mittunt,
1193 3460 1254 3521 aut
1275 3465 1370 3538 quo·
1486 3502 1490 3507 .

326 3548 587 3641 modocunque
609 3538 777 3646 lpa'rgunt
805 3553 842 3626 in
871 3549 1011 3644 vulgus.
1042 3564 1076 3636 ς.
1102 3542 1180 3641 Qui
1207 3541 1262 3617 illa
1289 3545 1374 3621 reti·

328 3671 417 3726 nent
439 3647 533 3742 apud
555 3646 612 3734 se,
643 3648 867 3746 &colligere
890 3659 1039 3729 amant,
1061 3642 1118 3722 sel
1138 3641 1372 3721 detrahendi.

329 3751 367 3825 dr
389 3746 625 3826 calumniandi
639 3745 779 3824 ltbrdrne
796 3748 951 3824 referunt
967 3746 1060 3821 aliis·
1083 3742 1183 3841 quod
1197 3740 1373 3838 legerunt.
1475 3813 1479 3820 ,

329 3858 364 3922 6.
395 3844 472 3939 Qui
485 3845 632 3922 famosas
655 3850 836 3929 cantiones
849 3860 994 3924 canmnt
1010 3894 1019 3925 ‚
1033 3860 1094 3921 aut
1110 3863 1230 3919 earum
1251 3844 1375 3920 auditu

331 3945 558 4024 delectantur.
580 3966 615 4036 7·
641 3945 716 4040 Qui
736 3947 895 4027 aridiores
916 3946 1085 4039 cognitos
1110 3964 1184 4017 non
1203 3937 1374 4034 produnt.

333 4058 368 4128 8.
394 4044 470 4137 Qui
488 4043 634 4127 famosas
647 4050 835 4141 imagines,
855 4045 908 4124 vel
930 4043 1061 4141 effigies
1086 4043 1264 4140 pingunt,
1284 4037 1372 4121 seul·

331 4158 446 4242 punt,
465 4144 677 4228 excudunt,
698 4148 877 4232 vendunt.
897 4158 1109 4241 exponunt,
1134 4139 1370 4222 distribuunt,

332 4243 641 4341 quibuoproximi
662 4244 752 4322 mma
771 4246 993 4325 labefactatur
1013 4295 1023 4320 ,
1047 4244 1101 4320 rel
1125 4240 1243 4316 honor
1263 4238 1373 4321 vinis·
1458 4338 1471 4346 ,

332 4360 402 4419 tur.
423 4365 460 4430 9·
486 4338 664 4418 Gravioris
690 4346 844 4420 criminis
871 4343 938 4421 elle
959 4367 1061 4426 reos,
1077 4344 1138 4437 qui
1170 4343 1204 4413 in
1228 4335 1372 4427 Episco-

332 4465 421 4541 poe,
436 4439 592 4538 aliosque
622 4439 783 4517 Praelatos
803 4488 813 4519 2
835 4446 872 4519 da
900 4446 993 4517 viros
1020 4438 1374 4528 castellanensem

333 4541 541 4643 religiol'os.
563 4539 753 4650 presertim
777 4546 845 4734 qr}
861 4547 895 4618 in
918 4539 1078 4625 Eccleliae
1099 4539 1287 4637 regimine.
1305 4547 1378 4647 'aut

870 4659 886 4720 t
912 4659 934 4744 3
1257 4657 1331 4713 anr-
