3800 5417
488 581 574 681 642
640 562 797 665 Titeol.
820 563 939 678 Dog.
962 563 1005 654 dc
1025 549 1177 654 uteru
1204 555 1301 662 Lib.
1310 557 1389 660 ut

492 744 789 844 decipianturper
801 733 931 816 malam
943 735 1095 814 aliorum
1111 733 1316 814 societatem
1327 713 1448 835 ‚quoa
1461 735 1549 838 prul

492 845 640 922 lumunt
662 843 792 918 bonoa.
821 835 1058 933 Quandoque
1086 839 1194 914 etiam
1226 835 1269 914 bt
1287 837 1332 916 ad
1357 837 1550 920 utilitatem

493 944 718 1024 absentium,
747 955 790 1018 ut
817 938 983 1016 videlicet
1007 933 1192 1033 praesentes
1220 941 1270 1014 eia
1305 939 1460 1016 referant
1482 963 1550 1036 pro

493 1043 653 1220 ¹plorum
675 1039 928 1122 correbtione,
955 1039 992 1112 ἃ
1018 1035 1283 1114 emendatione·
1308 1037 1551 1139 Quandoque

495 1159 536 1260 ‘t
565 1165 611 1218 ex
626 1133 1036 1256 quadameompalbone
1057 1135 1253 1224 amicabili,
1280 1153 1321 1216 ut
1348 1139 1485 1218 scilicet
1504 1141 1554 1218 te·

493 1237 1552 1437 lille„tulliitritzltt‘ttti„bittit

369 1525 374 1540 ,
494 1465 552 1520 ue.
582 1441 816 1538 Quandoque
837 1439 942 1514 etiam
957 1434 998 1513 lit
1018 1460 1063 1513 ex
1084 1435 1153 1513 iola
1183 1436 1420 1520 curiositate,
1444 1441 1482 1518 dt
1503 1437 1551 1516 al·

493 1543 589 1622 loeta
607 1542 851 1639 loquacitate,
880 1535 1098 1636 &quadam
1125 1537 1271 1616 libidine
1298 1539 1476 1636 loquendi
1506 1541 1568 1618 da'

493 1642 578 1720 aliis.
597 1639 837 1737 Quandoque
854 1652 974 1716 autem
1006 1635 1046 1714 lit
1069 1661 1115 1714 tx
1145 1637 1234 1715 odio
1258 1637 1313 1716 rel
1336 1641 1492 1730 inuidia.
1509 1663 1551 1720 at

494 1764 565 1838 pro
587 1741 826 1819 diminutione
846 1737 949 1814 lamae
967 1736 1157 1823 aticum&
1183 1759 1230 1816 ex
1246 1741 1355 1818 animi
1385 1742 1549 1838 indigna-

493 1845 608 1924 tione.
637 1838 762 1919 Primis
786 1854 942 1937 quatuor
970 1837 1087 1914 modis
1109 1840 1226 1936 potest
1247 1835 1314 1916 elle
1339 1863 1418 1918 non
1432 1839 1548 1922 solunt

493 1940 632 2022 licitum
645 1991 655 2021 2
668 1943 744 2018 imo
758 1941 795 2018 ἀ
811 1940 1056 2017 meritorium.
1073 1940 1201 2016 rei'erre
1217 1940 1307 2016 mala
1326 1937 1549 2032 absentium,

492 2038 700 2118 dummodo
728 2055 847 2117 tamen
872 2061 948 2113 non
969 2038 1174 2124 intendatur
1196 2041 1438 2140 principaliter
1462 2043 1547 2122 aliut
1577 2131 1580 2138 ,

492 2141 592 2229 finis,
609 2163 716 2237 quam
730 2140 854 2236 aliquis
869 2152 1151 2232 praenotatorum
1170 2157 1339 2240 quatuor.
1367 2137 1414 2218 Et
1434 2141 1548 2224 stood

478 2241 679 2318 misceatur
702 2239 767 2316 alia
786 2241 939 2316 intentio
962 2237 1191 2326 fermentata,
1213 2242 1248 2315 ἃ
1273 2239 1334 2316 fibi
1359 2238 1423 2338 ipli
1446 2266 1548 2320 meo-

491 2343 609 2425 tiene,
627 2342 716 2419 dum
743 2341 834 2416 bene
856 2337 1086 2436 provideatur
1103 2363 1172 2425 ,ue
1190 2337 1474 2438 diutinumque
1496 2345 1546 2420 di·

492 2457 649 2525 cuntur,
671 2453 733 2519 aut
761 2442 799 2516 iu
818 2437 914 2515 malo
930 2491 941 2526 ,
955 2437 1046 2514 ultra
1067 2460 1177 2535 quam
1191 2441 1227 2515 in
1240 2437 1275 2514 se
1295 2437 1397 2524 lunt,
1410 2464 1476 2541 per
1494 2465 1547 2520 re·

492 2541 667 2622 ierentetn
694 2539 881 2638 ampliata,
907 2556 968 2616 aut
993 2535 1109 2614 fotian
1139 2535 1273 2614 finillre
1292 2539 1546 2638 interpretum

491 2644 659 2722 ucetiam
682 2641 784 2738 quod
807 2661 883 2714 non
906 2638 986 2733 pluo
1008 2654 1139 2714 noceat
1161 2638 1238 2714 talis
1262 2637 1404 2718 locutio
1424 2641 1545 2720 ablen-

492 2744 610 2820 tibum
626 2745 662 2818 dt
681 2761 808 2818 eorum
828 2737 929 2814 famae
943 2786 954 2821 ‚
970 2761 1078 2837 quam
1101 2735 1483 2838 profitpraesentiuua,
1507 2741 1544 2820 ἃ

348 2849 351 2856 ’
490 2866 620 2922 eorum
644 2839 880 2918 edificationi·
903 2836 1089 2932 Quoniam
1108 2860 1176 2934 pro
1198 2861 1310 2935 paruo
1328 2842 1431 2917 bono
1455 2865 1546 2920 con-

490 2940 674 3040 sequendo
685 2964 759 3017 non
772 2939 821 3016 est
831 2963 1004 3036 magnum
1015 2937 1146 3014 malum
1159 2941 1545 3038 committendum...

540 3097 563 3133 ,‚
579 3097 601 3134 „
628 3039 727 3117 Male
746 3039 845 3136 loqui
861 3039 906 3115 de
917 3037 1114 3114 absentibus
1135 3037 1179 3113 ad
1196 3036 1309 3115 folum
1334 3040 1544 3120 [adriaticu-

490 3137 581 3218 dum
616 3145 771 3240 propriae
795 3139 1036 3233 loquacitati,
1060 3138 1096 3213 δι
1133 3137 1267 3214 libidini
1295 3141 1471 3236 loquendi
1500 3141 1545 3220 de

488 3240 588 3318 aliia,
613 3239 746 3316 etiamst
776 3238 816 3315 lit
840 3262 909 3339 pro
941 3237 1013 3314 iola
1038 3235 1252 3315 deductione
1276 3242 1453 3338 temporit
1474 3243 1543 3332 ‚dt

488 3339 586 3435 quast
609 3362 676 3436 pro
694 3338 842 3425 solatio,
869 3355 909 3417 ut
927 3338 975 3414 stc
995 3353 1135 3435 tempus
1150 3335 1223 3415 sane
1238 3338 1344 3416 taedio
1368 3341 1543 3426 baosmta

488 3442 550 3517 uix
566 3458 627 3517 aut
648 3453 805 3536 unquam
824 3439 1010 3517 excusatur
1028 3463 1047 3513 a
1071 3456 1242 3524 peccato,
1258 3439 1294 3514 δι
1309 3438 1432 3536 laepiut
1450 3457 1543 3521 trena

486 3537 530 3617 lit
561 3543 599 3615 in
625 3538 775 3615 mortale
801 3559 1000 3634 peccatum.
1044 3531 1133 3614 Tale
1162 3541 1256 3614 enim
1290 3542 1441 3620 uerbum
1467 3563 1542 3622 non

486 3636 603 3717 sotum
622 3638 777 3715 otiolum
791 3696 800 3724 .
815 3639 872 3715 led
890 3642 926 3715 dt
941 3640 1185 3716 communiter
1204 3639 1253 3716 est
1277 3639 1543 3735 perniciosum.

488 3738 527 3815 dt
548 3737 794 3835 multipliciter
816 3743 989 3818 nocivum
1016 3795 1038 3829 ‚‚
1059 3786 1094 3828 „·

533 3893 556 3929 „
569 3893 591 3930 „
614 3839 652 3914 Si
671 3841 749 3932 quis
762 3853 880 3916 autem
895 3841 1021 3936 quaerit
1041 3836 1202 3936 signum,
1221 3835 1416 3934 quomodo
1435 3837 1539 3930 sciet.

484 3936 633 4034 quando
657 3961 703 4015 ex
729 3941 829 4015 bono
856 3939 925 4015 fine
946 3939 1135 4034 loquatur,
1155 3958 1216 4016 aut
1247 3938 1344 4013 malo
1366 3943 1413 4014 de
1440 3941 1540 4020 malit

483 4035 1354 4227 ll⁰il¹l³titt2⁶iluiltlilltlllt
1376 4038 1540 4237 iiiii

406 4291 409 4296 -
483 4238 578 4315 utin
604 4236 636 4311 le
652 4291 663 4322 ‚
682 4237 717 4311 δι
739 4237 962 4311 audientibus
983 4253 1162 4331 provocet
1188 4251 1346 4314 mentem
1366 4237 1412 4317 ad
1434 4264 1539 4318 orao-

483 4337 573 4413 dum
596 4357 663 4432 pro
682 4336 757 4411 talis
774 4335 1045 4423 emendatione,
1061 4333 1289 4413 uccellatium
1313 4337 1388 4418 est,
1410 4343 1538 4420 utten-

484 4439 550 4512 tiat
565 4450 651 4511 tuuc
673 4437 707 4508 in
719 4435 751 4508 se
770 4436 1015 4528 quamdamad
1035 4437 1202 4512 eumdem
1215 4493 1225 4525 ,
1237 4437 1373 4616 deffluo
1388 4439 1451 4528 fit,
1470 4443 1538 4519 ser·

485 4557 563 4624 mo,
579 4532 858 4634 compussiouem
870 4541 979 4634 piam,
996 4535 1232 4638 dulcemque,
1246 4541 1295 4617 ω’
1312 4542 1534 4634 ericordem.

1442 4641 1484 4720 dt
