3800 5417
495 582 547 668 n
607 564 611 569 ·
674 559 832 658 meat
853 561 972 674 oog.
991 561 1034 652 u
1056 558 1208 662 norat
1231 557 1327 653 mu.
1338 559 1420 656 111.

492 743 629 839 agitur,
662 738 825 834 quamtis
846 735 1067 812 adhumana
1089 734 1198 812 corda
1228 737 1397 822 veniens,
1423 737 1459 814 in
1487 742 1553 816 eo,

492 857 575 921 tum
596 840 783 917 obtutibus
821 836 959 913 diverso
982 835 1110 912 amitiu
1133 836 1306 932 pallietur.
1342 836 1438 915 Nam
1465 861 1552 918 cum

493 944 546 1018 is.
569 941 634 1040 qui
650 936 696 1014 de
713 957 849 1013 terrena
871 938 968 1031 ptius
986 937 1102 1033 gioria
1120 936 1362 1033 superbiebat,
1386 940 1550 1032 postmo-

492 1041 584 1118 dum
617 1041 662 1117 de
690 1036 868 1114 santiitate
894 1039 1104 1114 extollitur,
1128 1034 1355 1134 nequaquam
1384 1056 1450 1113 cor
1475 1044 1552 1136 ejue

494 1141 603 1218 elatio
630 1137 812 1222 deseruit,
835 1135 893 1213 sed
921 1138 965 1210 ad
993 1160 1076 1213 eum
1106 1138 1273 1212 consueta
1309 1141 1554 1217 veneremur

494 1238 667 1337 cognosci
687 1254 867 1331 nequeat,
891 1237 1022 1312 vestem
1045 1239 1208 1316 mutavit.
1238 1237 1430 1314 Sciendum
1458 1251 1555 1335 quos

493 1365 569 1442 que
589 1340 669 1426 est,
702 1337 804 1438 quod
829 1337 927 1411 aliter
962 1336 1039 1449 haep
1061 1335 1297 1433 ptaeposttoa,
1322 1353 1430 1434 atque
1453 1343 1554 1415 aliter

493 1440 655 1518 subditos
675 1453 801 1515 tentat.
838 1434 986 1512 Praelato
1012 1460 1171 1533 namque
1195 1442 1232 1511 in
1266 1441 1551 1534 cogitationibus

493 1539 677 1638 suggerit,
703 1541 786 1635 quia
813 1531 890 1612 iulo
917 1538 997 1612 vitae
1026 1541 1155 1612 merito
1179 1536 1283 1632 'super
1312 1555 1461 1615 caeteros
1485 1563 1550 1616 ex·

436 1649 442 1668 “
494 1643 662 1717 crevit...
689 1634 840 1734 Eiusque
863 1659 954 1713 mox
977 1651 1135 1712 mentem
1160 1638 1285 1734 erigit,
1311 1639 1420 1722 viles,
1442 1654 1552 1737 atque

493 1740 639 1817 inutiles
661 1760 743 1822 eos,
764 1740 825 1834 qui
849 1735 1112 1831 subjectione,
1134 1737 1313 1828 ostendit;
1334 1742 1383 1814 ita
1409 1757 1448 1817 ut
1470 1740 1554 1817 nul.

493 1838 572 1916 lum
594 1840 689 1934 jam,
718 1835 814 1933 quaii
835 1838 987 1932 dignum
1018 1837 1197 1934 respiciat,
1219 1842 1278 1913 cui
1305 1843 1551 1935 equanimiter

484 1937 678 2035 toquarur.
703 1935 867 2014 Unde&
888 1960 979 2015 mox
1000 1942 1127 2014 mentis
1150 1937 1380 2037 tranquillitas
1401 1945 1436 2015 in
1459 1944 1549 2018 iram

492 2042 669 2130 vertitur3
690 2041 772 2135 quia
793 2036 880 2113 dum
907 2037 1056 2138 cuntios
1083 2035 1252 2132 despicit,
1274 2038 1362 2115 dum
1386 2039 1552 2122 sensum·

491 2141 677 2235 vitamque
710 2143 875 2213 omnium
907 2135 980 2213 fine
1010 2139 1253 2213 moderamine
1291 2140 1547 2232 reprehendit,

490 2251 598 2317 tanto
627 2236 838 2314 effrenatius
863 2238 896 2313 ie
928 2240 966 2311 in
991 2239 1207 2316 iracundiam
1235 2235 1383 2325 dilatat,
1409 2259 1549 2336 quanto

492 2361 583 2424 eos,
614 2341 677 2434 qui
698 2338 758 2414 irbi
792 2335 1090 2422 commilitium,
1117 2335 1184 2412 ess'e
1214 2323 1352 2413 [ibimet
1377 2342 1548 2438 indignor

491 2453 606 2537 putat
639 2441 685 2514 At
713 2451 839 2515 contra
858 2459 944 2514 curn
968 2437 1206 2533 subjetiotum
1232 2458 1296 2512 cor
1313 2436 1469 2533 superbia
1492 2444 1551 2517 in.
1579 2513 1586 2531 I

492 2536 707 2634 stigatthoc
718 2536 944 2633 summopere
957 2539 1079 2615 nititur
1093 2560 1217 2636 agere,
1236 2553 1277 2612 ut
1292 2536 1350 2615 sua
1362 2541 1434 2616 adia
1457 2563 1548 2617 conr

492 2636 644 2714 siderare
668 2638 826 2729 funditus
848 2638 1059 2734 negligant,
1082 2639 1118 2712 dc
1147 2636 1283 2731 semper
1305 2642 1417 2714 tacitis
1442 2646 1549 2737 cogi.

493 2739 692 2816 tationibus
713 2737 857 2814 rethoris
877 2736 927 2814 sui
944 2737 1080 2831 judices
1105 2735 1216 2830 fianta
1235 2739 1295 2835 qui
1316 2737 1402 2821 dum
1418 2740 1454 2814 in
1477 2765 1545 2829 eo,

491 2838 596 2936 quod
622 2837 880 2937 reprehendere
901 2838 1079 2924 debeant,
1100 2839 1309 2936 importune
1329 2837 1547 2935 respiciunt,

355 2980 360 2990 ι
492 2939 533 3014 in
570 2935 787 3033 semetipfis,
810 2936 911 3036 quod
940 2940 1158 3032 corrigant,
1188 2958 1375 3034 nunquam
1408 2942 1545 3024 vident,

472 3033 627 3145 ¹Unde,
644 3039 680 3113 dr
700 3052 801 3115 tanto
822 3040 978 3115 atrocius
998 3052 1172 3134 pereunt.
1187 3038 1328 3133 ‘quanto
1350 3062 1369 3112 a
1399 3038 1432 3114 se
1454 3063 1546 3118 ocu·
1591 3091 1595 3099 -

489 3134 549 3212 ios
570 3153 761 3229 avertunt3
783 3142 865 3234 quia
891 3137 1049 3230 inhujus
1071 3142 1151 3213 vitae
1176 3139 1300 3213 itinere
1318 3137 1544 3218 offendentes

490 3239 791 3319 corruunt,dum
814 3239 895 3313 aiibi
914 3240 1114 3315 intendunt.
1145 3234 1190 3313 Et
1212 3238 1356 3334 quidem
1374 3255 1545 3333 peccato·

487 3357 546 3412 res
566 3334 600 3410 se
623 3333 801 3425 afferunt,
834 3361 900 3415 nec
925 3353 1045 3414 tamen
1072 3350 1241 3424 tantum,
1264 3355 1304 3415 ut
1328 3351 1400 3414 tam
1422 3346 1542 3420 noxiae

488 3437 529 3513 in
549 3439 721 3533 regimine
743 3438 899 3533 personae
920 3441 1152 3515 traderenturr
1185 3436 1228 3514 Et
1246 3437 1333 3515 dum
1357 3444 1433 3534 ejus
1455 3444 1544 3521 tatia

488 3533 711 3633 despiciunt.
734 3539 821 3614 dum
848 3555 1021 3635 praecepta
1053 3554 1316 3615 contemnunt,
1340 3543 1384 3616 ad
1407 3560 1541 3617 tautam

482 3633 601 3734 ,usque
624 3637 790 3714 insaniam
813 3640 1077 3726 devolvuntur,
1101 3656 1142 3716 ut
1160 3636 1283 3716 Deum
1304 3662 1357 3714 res
1371 3639 1541 3716 humanae

489 3757 615 3813 curare
640 3761 716 3814 non
747 3741 944 3828 aestiment3
973 3746 1057 3837 quia
1084 3743 1144 3827 ei,
1171 3742 1234 3838 qui
1266 3738 1361 3836 quasi
1385 3741 1463 3832 jure
1485 3763 1542 3817 re·

488 3836 744 3931 prehenditur,
767 3836 834 3914 effe
855 3840 888 3914 se
905 3835 1114 3916 commiiios
1139 3839 1275 3919 dolent.
1294 3885 1321 3918 ·.
1350 3836 1451 3931 Saepe
1477 3862 1543 3918 au.

488 3949 565 4011 tem
586 3936 730 4013 rethoris
751 3935 801 4014 sui
822 3939 921 4016 ditiis
941 3958 1109 4037 proterve
1132 3937 1355 4019 obvianti&
1375 3940 1541 4019 eamdem

333 4108 338 4120 ,
488 4038 589 4111 vocis
612 4036 809 4133 superbiam
832 4039 1030 4114 libertatem
1059 4054 1205 4121 vocant,
1234 4040 1293 4113 Sic
1319 4039 1541 4135 quippeeia·

381 4214 384 4219 ,
486 4137 542 4210 tio
566 4137 598 4211 ie
624 4136 721 4234 quaii
750 4161 817 4233 pro
843 4140 1008 4213 libertatis
1037 4137 1245 4213 rectitudine
1258 4139 1424 4233 objicit,
1449 4139 1541 4220 ficut

485 4234 575 4333 iaepe
602 4233 662 4322 se,
691 4237 727 4311 dt
750 4240 858 4313 tiuror
892 4260 960 4330 pro
989 4237 1188 4313 humilitate
1220 4238 1399 4328 supponit.
1440 4236 1538 4318 Nam

485 4332 577 4413 ficut
597 4335 756 4430 plerique
778 4342 926 4413 reticent
952 4360 996 4411 ex
1028 4346 1185 4423 timore,
1205 4337 1242 4411 &
1273 4351 1391 4413 tamen
1420 4356 1537 4428 tacere

487 4432 522 4507 se
542 4435 742 4512 existimant
761 4460 806 4512 ex
838 4437 1121 4518 humilitatesita
1148 4435 1313 4514 nonnulii
1334 4438 1535 4536 loquuntur

487 4532 551 4628 per
572 4538 828 4634 impatientiam
854 4536 1038 4626 elationis,
1063 4540 1101 4615 ἃ
1129 4552 1249 4620 tamen
1274 4542 1375 4640 ioqui
1386 4541 1434 4717 die
1459 4561 1536 4616 cre·

672 4700 674 4706 .
1413 4652 1479 4717 unt
