3800 5417
451 662 453 667 -
512 588 520 597 ’
559 590 629 696 De
655 594 839 698 Petmtic
869 604 1172 725 papiensibus:
1225 644 1228 653 ·
1281 620 1371 725 τος

325 782 370 861 tit
391 803 411 857 a
436 777 509 857 fine
530 778 658 855 uitimo
677 820 688 855 2
707 778 744 855 dc
767 777 961 859 secundum
987 754 1060 860 hoc
1083 800 1145 877 per
1171 750 1366 877 quamdam
1396 872 1399 877 ,
1463 847 1466 852 .
1498 847 1508 865 .

323 881 565 958 redudionem
594 878 793 974 opponitur
819 898 999 979 praerepto
1022 882 1069 959 de
1093 877 1365 957 sanctificatione

322 978 484 1067 Sabbati,
498 983 533 1055 in
554 1001 630 1075 quo
648 981 956 1077 praecipiturquies
971 978 1088 1058 insint
1104 978 1242 1062 ultimo.
1272 974 1367 1059 Nou

323 1087 418 1157 enim
436 1082 557 1154 omnia
581 1095 721 1171 peccata
753 1079 911 1154 mortalia
936 1080 1067 1158 direde
1104 1082 1364 1159 contrariantuc

323 1185 508 1279 praeceptis
530 1175 726 1274 Decalogi,
747 1175 804 1252 sed
821 1178 934 1254 sosum
958 1178 1033 1265 iiia,
1054 1201 1134 1280 quae
1160 1177 1364 1273 injustitiam

323 1280 533 1370 continent3
557 1283 637 1373 quia
662 1294 835 1374 praccepta
860 1275 1036 1378 Decaiogi
1063 1278 1253 1377 specialiter
1283 1299 1365 1368 per·

321 1383 437 1458 tinent
461 1380 503 1457 ad
534 1378 697 1469 jusiitiam
741 1375 776 1450 dt
809 1393 923 1471 parter
949 1380 1024 1469 ejna
1046 1432 1068 1469 „
1084 1427 1119 1469 ,,.
1143 1375 1286 1471 Quinto
1309 1389 1366 1453 et.

322 1482 391 1556 iam
414 1494 595 1573 precepto
628 1476 825 1571 opponitur
852 1529 859 1549 .
887 1480 968 1573 quia
993 1475 1157 1555 homines
1180 1477 1271 1573 guiae
1291 1523 1302 1557 a
1323 1472 1365 1553 dc

324 1580 481 1654 ebrietati
513 1576 646 1661 dediti,
672 1573 906 1650 valetudinem
941 1577 1037 1655 suana
1069 1576 1279 1676 pierumque
1307 1574 1367 1651 sae·
1424 1642 1431 1659 ,

325 1658 443 1754 durii.
466 1679 545 1751 nitae
568 1684 634 1751 iuae
663 1688 805 1767 umpua
832 1675 1076 1763 contrahunt.
1101 1678 1132 1754 se
1151 1674 1244 1772 ipsos
1269 1695 1367 1775 quo.

322 1775 520 1854 dammodo
542 1779 771 1859 interimunt;
794 1790 871 1849 tom
892 1779 972 1870 quia
993 1779 1140 1855 ebrietta
1158 1774 1245 1871 saepc
1264 1772 1365 1851 susci·

324 1891 376 1955 tat
394 1881 509 1960 rixas,
535 1875 807 1958 contentiones,
824 1875 860 1947 dt
886 1896 1048 1973 pugnam
1071 1879 1240 1975 equibus
1265 1875 1365 1949 dein·

325 1978 371 2052 de
396 1975 538 2050 vulnera
552 1975 613 2057 ‚dc
644 1972 757 2050 caedea
773 1970 1052 2071 consequuntur.
1073 1972 1171 2054 Hinc
1192 1981 1226 2048 S.
1240 1976 1366 2045 Hirro.

325 2093 461 2166 nymur,
480 2074 583 2152 siba.
606 2079 727 2141 Contra
748 2071 1004 2160 Jovinianum
1026 2097 1103 2170 cap.
1116 2087 1148 2160 8.
1173 2127 1196 2167 „
1214 2125 1236 2166 „
1267 2071 1369 2151 Cuna'

327 2170 485 2268 (inquit)
510 2173 608 2246 variis
638 2170 820 2248 nidoribus
850 2171 990 2250 sumant
1015 2182 1171 2271 patinea
1201 2172 1365 2252 adesum

325 2275 374 2352 sui
400 2273 537 2370 expieta
561 2270 667 2348 es'urie
686 2267 781 2367 quafi
811 2275 971 2368 captivos
1002 2274 1155 2354 trahunt.
1199 2269 1370 2369 Unde&

327 2376 442 2450 morbi
459 2390 505 2449 ex
528 2370 702 2446 saturitate
721 2373 826 2447 nimia
839 2376 1066 2451 concitantur
1079 2394 1091 2460 a
1104 2375 1277 2471 multique
1298 2376 1365 2449 ina-

328 2475 530 2570 patientiam
556 2468 648 2567 guiae
669 2473 808 2548 vomitu
835 2476 1092 2563 remediantur.
1116 2473 1153 2548 dc
1178 2477 1277 2571 quod
1292 2488 1365 2547 tur·

325 2576 417 2672 piter
441 2565 683 2668 ingesserunt,
712 2585 768 2646 tur
795 2573 846 2646 ius
868 2586 1030 2668 egerunt·
1063 2568 1300 2669 Hippocrates
1326 2572 1367 2647 in
1396 2563 1402 2575 ’
1482 2622 1490 2637 .

327 2669 544 2771 Aphorismia
557 2672 665 2744 docet
677 2715 687 2751 ‚
700 2593 826 2746 craia,
844 2670 995 2748 &obesa
1005 2693 1181 2769 corpora,
1199 2670 1278 2766 quae
1290 2693 1366 2747 cre·

326 2773 442 2849 scendi
463 2767 659 2848 mensuram
690 2766 975 2863 compleverint,
997 2758 1060 2846 nisi
1089 2772 1164 2847 cito
1190 2769 1366 2847 ablatione
1411 2783 1416 2795 ·

327 2871 502 2965 unguinis
529 2870 813 2952 imminuantur,
843 2870 878 2942 in
918 2868 1188 2969 paralysim&
1226 2866 1366 2966 pessima

327 2972 538 3046 morborum
564 2989 690 3059 genera
715 2987 919 3063 erumpere·
939 2970 973 3041 da
997 2970 1132 3048 idcirco
1160 2965 1227 3045 eise
1250 2964 1366 3044 neces·
1515 2974 1527 3016 -’

304 3081 307 3087 ’
328 3068 446 3144 sariam
464 3068 726 3160 demptionem.
745 3079 784 3141 ut
798 3065 1113 3156 rursbmbabeant,
1134 3072 1171 3145 in
1190 3089 1269 3164 quae
1286 3065 1368 3166 pos·
1393 3117 1398 3127 ·

329 3166 395 3243 fiat
414 3168 592 3257 crescere;
620 3187 694 3239 non
723 3170 816 3239 enim
839 3189 978 3243 manere
998 3172 1040 3254 in
1061 3193 1137 3246 uno
1156 3167 1245 3246 statu
1265 3186 1368 3243 natu·

329 3290 404 3343 ram
429 3287 655 3362 corporum,
681 3262 736 3338 sed
767 3282 829 3340 aut
859 3269 1012 3343 crescere
1035 3270 1194 3362 semper,
1224 3284 1282 3343 aut
1305 3266 1369 3341 de·

330 3369 501 3447 crescere,
524 3387 590 3437 uec
609 3359 706 3454 posse
728 3367 844 3436 vivere
866 3366 1012 3449 animai,
1036 3369 1095 3443 nisi
1115 3364 1370 3456 crescendica·

330 3487 400 3564 pax
422 3463 473 3540 sit·
512 3461 616 3540 Unde
641 3464 676 3538 dc
702 3460 856 3538 Galenus
884 3471 934 3540 vir
961 3466 1203 3548 dedidimus,
1226 3462 1371 3563 Hippo·

331 3569 433 3644 cratis
458 3567 652 3657 interpres,
682 3561 847 3642 athletae,
874 3585 1029 3660 quorum
1060 3571 1129 3642 vita
1155 3612 1164 3638 2
1186 3565 1223 3641 &
1244 3588 1296 3639 ara
1320 3563 1371 3640 sa·

331 3669 414 3764 gina
437 3664 486 3739 est
505 3712 515 3734 ‚
535 3665 620 3738 dicit
641 3666 677 3737 in
708 3660 1165 3740 exhortatione'nredicinae
1188 3719 1198 3749 ,
1224 3685 1290 3739 nec
1317 3666 1370 3737 vi·

332 3787 413 3838 vere
438 3759 535 3860 posse
555 3764 634 3847 diu,
655 3784 720 3834 nec
740 3764 838 3834 sanos
861 3758 948 3845 esse;
965 3762 1164 3860 animasque
1183 3766 1371 3843 commite

332 3865 447 3937 nimio
470 3862 709 3955 sanguinem
733 3859 914 3954 adipibus,
929 3859 1023 3956 quai
1046 3863 1145 3947 into,
1171 3860 1368 3949 involutas,

333 3959 419 4036 nihii
444 3975 572 4036 tenue,
595 3957 677 4033 nihii
700 3962 859 4045 coelesie,
878 3960 932 4033 sed
955 3960 1089 4058 semper
1113 3963 1157 4037 de
1183 3964 1369 4047 carnibus,

335 4061 372 4137 aa
391 4059 510 4142 rudo,
534 4059 569 4131 dc
590 4064 719 4134 ventris
742 4060 895 4154 ingluvie
916 4062 1085 4152 cogitare.
1114 4059 1296 4158 Diogenes
1316 4082 1385 4163 ryg

334 4181 491 4240 rannus,
513 4157 548 4230 dc
571 4155 809 4233 subversiones
834 4163 995 4243 urbrum,
1014 4160 1198 4259 bellaque,
1226 4160 1279 4236 vei
1306 4162 1372 4236 iro·

336 4257 439 4336 stiria,
454 4255 507 4330 vei
529 4255 662 4340 civilia,
679 4279 752 4331 non
776 4279 843 4353 pro
862 4256 1105 4355 sroapiicivisiu
1127 4259 1396 4352 olerum‚po-4

338 4379 573 4450 morumque.
597 4353 653 4428 led
678 4378 743 4450 pro
764 4357 949 4435 carnibus,
975 4360 1009 4437 aa
1035 4357 1216 4459 epularum
1241 4360 1373 4435 deliciis

338 4453 451 4533 asserit
479 4455 622 4528 excitari
647 4509 669 4544 ‚‚
688 4501 723 4546 „.

390 4551 434 4632 Et
458 4548 685 4644 &amiradus
698 4609 709 4645 ,
720 4556 778 4632 lib.
786 4557 856 4733 YDe
875 4553 950 4623 Elia
966 4605 977 4642 ,
991 4559 1032 4633 ei
1046 4555 1191 4655 Jejunr'o
1202 4608 1214 4642 ‚
1227 4580 1302 4736 cap).
1321 4575 1377 4638 η,

431 4657 439 4672 ’
844 4677 867 4754 y
896 4670 920 4728 ²
1190 4710 1243 4754 eu
1304 4679 1325 4738 θ
