3800 5417
576 561 646 654 De
668 562 856 656 Peccatis
881 558 1143 697 capitalibus}
1291 564 1378 673 '703'

323 729 483 814 sumendi
496 755 562 818 ea.
585 757 744 832 quorum
771 760 848 815 nou
867 735 974 824 ulus,
1004 733 1061 811 sed
1085 731 1376 834 concupiscentia

321 834 683 930 reprehendendae&
711 836 798 915 Non
817 843 913 912 enim
939 836 1080 912 interest
1092 839 1245 912 omniuo
1260 883 1270 916 t
1283 835 1371 930 quid

321 938 576 1012 alimentorum
603 934 741 1025 sumat,
772 950 812 1017 ut
830 937 1008 1014 succurras
1025 932 1212 1011 neceffitati
1239 956 1374 1030 corpo·

321 1038 390 1126 ria,
412 1035 616 1112 dummodo
639 1060 818 1136 congruat
844 1040 880 1112 lu
904 1037 1092 1132 generibus
1121 1035 1375 1110 alimentorum
1520 1127 1524 1137 Ι

321 1135 395 1222 liis,
410 1155 497 1212 cum
518 1137 646 1231 quibus
668 1141 732 1214 tibi
753 1136 946 1214 vivendum
965 1134 1025 1210 eil·
1050 1132 1181 1231 Neque
1199 1152 1376 1230 quantum

320 1233 458 1321 lumaa,
479 1236 811 1327 multuminterell3
828 1235 1105 1314 cumvideamua
1128 1236 1279 1310 aliorum
1303 1231 1377 1307 llu-

322 1334 612 1411 machumrcitiuo
636 1337 769 1423 latrari,
798 1339 836 1413 dc
863 1359 925 1412 eos
948 1352 1066 1411 tamen
1088 1331 1137 1408 illi
1159 1331 1223 1432 ipli
1242 1353 1378 1428 parto,

322 1455 400 1530 quo
426 1434 616 1521 leuantur,
635 1439 818 1524 ardenter,
838 1438 875 1512 de
894 1434 1177 1519 intolerabiliter,
1197 1433 1235 1509 ἃ
1257 1433 1378 1509 omui·

321 1555 374 1610 no
397 1536 546 1626 turpiter
569 1534 826 1618 inhiaretalioa
844 1552 963 1614 autem
986 1531 1146 1632 plusculo
1161 1533 1306 1631 quidem
1325 1529 1378 1608 le·

322 1636 423 1713 clari,
440 1634 497 1707 led
512 1630 726 1712 tolerabiliut
738 1637 895 1733 inopiam
913 1639 1073 1734 perpeti.
1095 1632 1133 1709 dt
1147 1631 1294 1708 velante
1309 1651 1375 1710 ota

321 1731 452 1828 politae
467 1733 611 1830 epulas,
626 1734 652 1810 d
669 1737 705 1812 id
718 1739 930 1836 intempore
942 1782 954 1819 ‚
965 1751 1026 1812 aut
1046 1754 1140 1830 opus
1154 1729 1220 1819 fit,
1236 1747 1298 1809 aut
1311 1754 1373 1808 ne-

321 1826 412 1906 celle
429 1829 495 1908 fit,
512 1854 598 1909 cum
616 1835 869 1937 tranquillitate
892 1835 1094 1932 adspicere,
1116 1853 1234 1931 neque
1249 1846 1374 1927 tange·

322 1949 372 2008 te·
398 1928 517 2025 Magia
536 1954 626 2028 ergo
644 1935 809 2018 interest,
824 1958 901 2012 uon
923 1935 1031 2033 quid,
1049 1933 1105 2012 vel
1122 1947 1297 2028 quartum
1311 1933 1374 2008 ali·

323 2047 539 2206 tuille
556 2031 1375 2229 llitttllltlilltutlllil:

324 2231 423 2324 piat3
451 2228 509 2304 led
540 2250 670 2327 quanta
699 2234 894 2319 facilitate,
922 2249 1030 2332 atque
1053 2230 1234 2306 serenitate
1266 2228 1376 2306 animi

324 2342 468 2415 careat,
497 2350 579 2405 cum
602 2331 656 2407 hit
680 2333 739 2411 tel
762 2349 933 2432 oportet,
955 2332 1012 2407 vel
1030 2333 1136 2406 etiam
1163 2325 1298 2407 necelle
1325 2328 1376 2406 est

323 2448 463 2510 careret
475 2428 610 2505 utillud
621 2434 658 2506 in
675 2436 797 2510 animo
810 2431 996 2510 Christiani
1014 2430 1258 2527 compleatur,
1271 2429 1374 2524 quod
1435 2505 1442 2524 ,

323 2523 517 2622 Apostolus
546 2529 656 2610 dicite
684 2537 758 2603 Scio
778 2536 821 2606 (r
846 2536 952 2603 minut
973 2532 1110 2607 haute,
1125 2526 1192 2614 scio
1214 2531 1258 2601 θ’
1272 2526 1374 2597 abun.
1391 2502 1495 2588 Phffll’·
1508 2525 1542 2583 4·
1666 2585 1677 2603 ,

323 2633 425 2713 dare,
444 2629 561 2724 udaque
580 2685 591 2716 ‚
608 2630 650 2701 (a
673 2632 708 2700 r'rr
734 2628 882 2703 omnibus
899 2628 1070 2710 institutus
1086 2626 1183 2716 snm,
1208 2639 1251 2700 (r
1269 2626 1373 2716 serie.
1435 2643 1438 2649 '

324 2737 378 2814 ri,
395 2729 440 2798 (θ’
458 2727 603 2815 esurire,
622 2731 665 2801 u*
681 2727 869 2820 abundare,
886 2734 928 2803 (r
952 2732 1123 2822 penuriam
1142 2733 1240 2819 peti,-
1264 2732 1374 2797 uranie

320 2822 443 2921 ppffrun
455 2831 491 2898 in
502 2851 561 2914 eo,
577 2836 634 2923 qai
651 2852 701 2898 me
720 2826 893 2919 confortat.
923 2829 967 2910 Et
981 2829 1088 2907 illud:
1105 2831 1226 2923 Neque
1238 2822 1267 2917 fi
1280 2851 1370 2897 man.
1390 2821 1417 2870 ¹·
1438 2801 1549 2919 CM*

325 2929 552 3016 meruerimus
575 2981 586 3013 ,
609 2924 870 3008 abundavimus,
895 2927 1040 3023 nequest
1069 2952 1132 2999 non
1157 2933 1369 3000 manducave·

325 3047 454 3113 tratas,
478 3024 653 3121 egebimus,
677 3025 848 3106 utillud:
867 3032 951 3100 Non
972 3026 1015 3108 ed
1036 3032 1123 3100 enirn
1143 3051 1274 3122 regnum
1299 3031 1368 3100 Dei
1386 3002 1474 3069 Μ·
1489 3017 1535 3080 ¹⁴·

326 3127 423 3212 elia,
447 3141 489 3196 (a
514 3148 631 3219 porus,
646 3125 703 3215 sed
716 3125 875 3221 juditia,
897 3130 940 3202 d·
960 3147 1048 3224 pax,
1065 3130 1109 3202 θ’
1133 3130 1301 3223 gaudium.
1323 3127 1371 3206 Et

326 3227 410 3322 quia
430 3222 543 3302 lolent
569 3227 732 3305 homines
757 3231 910 3307 multum
933 3228 1091 3329 gaudere
1114 3232 1158 3304 de
1175 3228 1370 3305 carnalibus

326 3328 465 3421 epulis,
495 3328 653 3406 addidit:
680 3334 722 3400 In
746 3335 873 3421 Spiritu
885 3330 1004 3414 iinelo.
1047 3326 1260 3425 justificatur
1281 3350 1371 3425 ergo

326 3425 489 3521 sapientia
505 3431 549 3501 ab
562 3431 728 3504 omnibus
747 3428 824 3505 filiis
841 3428 928 3515 suis,
944 3433 1006 3525 qui
1021 3429 1245 3526 intelligunt,
1265 3443 1367 3503 uten-

327 3527 380 3614 dis
401 3530 544 3601 terrenir
569 3544 732 3622 tempora
753 3547 960 3624 opportuna
985 3524 1053 3605 elle
1078 3527 1234 3616 debere3
1259 3525 1369 3602 facili·

326 3640 437 3702 tatem
461 3648 546 3701 vero
570 3628 692 3703 utendi
708 3628 855 3712 talibus,
875 3629 911 3704 dt
933 3649 1093 3703 amorem
1112 3626 1248 3705 fruendi
1267 3644 1368 3701 arter-

328 3731 408 3815 uis,
436 3748 513 3799 non
546 3731 668 3802 variari
692 3743 862 3827 oportere
894 3748 959 3826 per
983 3745 1145 3822 tempora
1169 3779 1181 3813 ,
1208 3724 1266 3802 sed
1290 3747 1368 3820 pet·

328 3837 448 3920 petuo
462 3829 602 3901 retineri
626 3881 649 3919 „
665 3881 702 3919 „.
1191 3911 1196 3922 ¹

382 3921 427 4004 V.
456 3922 626 4025 Denique
650 3931 685 3997 S.
698 3926 852 4015 Joennes
866 3924 1052 4009 climacus,
1076 3921 1184 4002 8anae
1206 3921 1271 4002 sug
1291 3946 1370 4025 my.
1388 3915 1566 4011 Temperan-

326 4020 421 4099 sticae
445 4019 569 4108 Gradu
583 4025 924 4123 rot-Temperantia
947 4027 1196 4121 comparandae
1214 4025 1366 4102 modum
1387 4014 1433 4058 ‘¹³²
1454 4013 1570 4071 compa·

327 4125 462 4208 tradit,
490 4128 760 4204 meditationem
789 4127 917 4205 [cilicet
943 4123 1213 4204 nurillirnurum
1247 4124 1367 4200 homi·
1385 4074 1481 4214 22⁰2,oe
1499 4087 1562 4136 ’θ’

327 4224 403 4307 nia.
424 4222 462 4298 δι
482 4220 683 4302 Pallionum
696 4224 834 4304 Chrilli.
854 4281 877 4319 ‚,
888 4280 909 4319 „
934 4225 970 4303 Si
989 4223 1131 4303 Christo
1151 4220 1312 4319 (liquit)
1333 4240 1370 4299 te

328 4338 393 4418 per
410 4326 616 4419 angustam,
634 4327 671 4401 dt
684 4327 837 4425 alperam
856 4325 971 4405 salutis
990 4329 1082 4402 riam
1106 4324 1370 4402 ambulaturum

328 4419 397 4497 elle
419 4427 598 4517 pollicitus
614 4449 672 4501 es,
690 4429 887 4523 appetitum
901 4446 1003 4504 tuum
1026 4429 1256 4521 temperantia
1269 4444 1372 4499 com·

327 4519 440 4620 pesco.
472 4521 509 4601 Si
534 4530 629 4602 enim
655 4546 788 4626 corpur
808 4542 912 4608 tuum
938 4525 1159 4614 mollium&
1186 4523 1378 4616 indulgen·

377 4619 472 4700 Tora.
498 4620 533 4702 V
541 4627 601 4701 11.
869 4621 904 4702 Y
928 4645 954 4726 y
1259 4621 1327 4698 tiua
