3800 5417
1264 384 1272 431 s

450 576 502 665 »“·
568 598 663 722 ian
727 594 883 704 ‘rnen
905 599 1021 721 θος.
1050 587 1263 702 antoni.
1284 588 1375 696 in.
1397 579 1473 699 in.

361 777 548 919 uiuipantald
565 781 750 874 desierat,
768 777 883 852 sonam
907 760 986 870 opas
1013 776 1169 866 disserat
1197 772 1302 876 {qui
1327 798 1444 858 tamen
1470 760 1623 861 laudini
1661 812 1664 817 ·

386 859 548 1010 pifflm
566 883 774 1001 defiderium
789 937 801 969 ,
819 884 853 957 in
869 902 1037 996 pavorem
1058 884 1159 996 uertit
1172 885 1334 976 protinus
1347 930 1357 966 ,
1371 881 1625 996 quodfliauda-⁸

358 1021 407 1070 tus
424 1011 533 1071 deside.
567 1002 738 1064 vitreum
758 999 903 1076 tepente
914 981 1119 1076 [UbJUssgst2
1144 987 1281 1070 opium
1300 974 1616 1083 ammfiplfiopm

357 1087 434 1172 rium
452 1086 539 1146 inno·
565 1079 877 1179 irreprehenfihiienr
905 1076 1025 1167 eise...
1053 1082 1231 1177 Quamuis
1253 1077 1452 1157 notandum
1479 1136 1489 1168 .
1512 1084 1615 1182 quod

360 1176 446 1226 ’Μ
471 1161 536 1226 ⁸ff⁶·
566 1185 628 1260 iiio
651 1199 815 1278 tenipote
834 1181 1050 1257 hocdicitur
1064 1225 1074 1255 ‚
1088 1204 1164 1278 quo
1187 1179 1340 1275 quisquis
1352 1183 1511 1278 plebibus
1507 1205 1618 1359 1prae·

567 1301 665 1370 crat,
686 1286 819 1382 primus
836 1282 879 1355 ad
902 1279 1066 1379 Martyrii
1082 1298 1260 1354 tormenta
1275 1283 1480 1358 ducebatur·
1544 1306 1615 1359 unc

542 1392 669 1482 crgo·
684 1380 855 1458 laudabile
878 1380 943 1455 suit
968 1375 1219 1474 tmi'coparum
1249 1403 1405 1476 quaerere
1429 1429 1440 1464 ‚
1469 1387 1615 1482 quaudo

565 1501 628 1580 per
643 1481 742 1559 hunc
756 1503 936 1579 quemque
953 1478 1101 1558 dubium
1121 1502 1195 1554 non
1209 1494 1282 1555 erat
1300 1480 1343 1554 ad
1359 1479 1522 1579 supplicia
1534 1505 1616 1579 gra·

566 1579 897 1672 aioraepenenire.
940 1576 1043 1654 Unde
1064 1577 1176 1674 ipsum
1208 1602 1356 1677 quoque
1385 1577 1616 1679 Episcopatus

436 1729 453 1772 -,
566 1678 736 1758 officium
758 1682 845 1756 boni
866 1680 985 1774 operis
1008 1676 1229 1775 expressione
1252 1676 1438 1766 desinitur,
1462 1704 1546 1761 curu
1563 1681 1619 1759 di·

528 1809 535 1826 ·
565 1786 684 1860 citur:
705 1777 742 1850 St'
754 1783 826 1875 qar'r
842 1781 1068 1876 Episcopatnm
1101 1775 1277 1864 defidatur,
1296 1776 1411 1850 bonum
1438 1800 1515 1871 opas
1536 1779 1617 1872 dis.

566 1883 670 1956 derat.
699 1879 773 1976 ipse
790 1899 881 1976 ergo
899 1878 957 1952 sibi
979 1875 1070 1957 testis
1085 1877 1157 1963 eit,
1177 1882 1259 1975 quin
1275 1876 1523 1976 Episcopatum
1537 1903 1616 1959 non

565 1985 723 2078 appetit,
740 1985 892 2078 quinon
912 2002 975 2075 per
997 1979 1095 2056 hunc
1110 1979 1196 2057 boni
1217 1983 1333 2074 operis
1360 1980 1613 2067 ministerium.

447 2109 455 2127 t
565 2081 625 2160 std
644 2081 794 2156 honoris
806 2078 958 2177 gloriam
971 2081 1106 2176 quaetit.
1136 2077 1282 2154 Sacrum
1299 2075 1432 2179 quippe
1449 2073 1612 2159 officium

565 2203 643 2260 uon
662 2182 777 2277 diiigit
798 2179 1044 2271 omnin-oded
1067 2177 1202 2263 nescit,
1239 2184 1299 2275 qui
1321 2181 1365 2253 ad
1388 2178 1530 2257 culmen
1559 2205 1614 2256 re·

564 2282 708 2380 giminir
724 2278 890 2357 anhelans
909 2281 945 2352 in
966 2277 1107 2356 occulta
1129 2278 1361 2355 meditatione
1381 2278 1613 2377 cogitationis

565 2399 779 2457 caeterorum
802 2377 1015 2474 subiectione
1036 2374 1206 2472 pascitur.
1233 2376 1336 2453 laude
1351 2381 1494 2475 propria
1520 2376 1615 2457 iata.

563 2495 624 2558 tur
637 2480 701 2558 ‚ad
718 2479 896 2556 honorem
915 2502 979 2553 cor
994 2474 1126 2562 eierat,
1139 2498 1256 2553 reruni
1270 2470 1616 2569 affluentiumabun·

563 2579 683 2656 dantia
695 2581 859 2655 exultat„
871 2576 1001 2653 Mundi
1019 2599 1108 2675 ergo
1125 2575 1262 2652 lucrum
1276 2583 1442 2670 quaeritur
1454 2572 1517 2654 sub
1537 2581 1613 2673 ciue

563 2679 716 2757 honoris
728 2679 853 2779 specie,
866 2695 941 2770 quo
956 2676 1079 2765 mundi
1092 2674 1220 2753 destrui
1236 2675 1331 2752 lucta
1344 2676 1542 2755 debuerunt
1552 2713 1615 2770 ἦ».

362 2766 434 2842 Not
494 2765 549 2862 {est
610 2780 658 2849 Et
669 2799 737 2866 cap.
753 2802 787 2864 9.
801 2831 855 2869 ‚,„
871 2776 940 2856 Sed
957 2779 1165 2871 pierumque
1186 2775 1221 2850 hi
1236 2774 1348 2853 subire
1369 2775 1609 2873 magisterium

261 2902 263 2906 ·
362 2846 550 2990 {Qnffiiffssff
567 2879 739 2976 pastorale
758 2883 929 2972 cupiunt.
947 2877 1118 2953 nonnulla
1135 2893 1283 2977 quoque
1300 2877 1396 2955 bona
1415 2900 1524 2975 opera
1536 2883 1614 2952 ani·

360 3003 519 3076 natitatem
567 3000 631 3056 nto
647 2997 859 3077 proponunt
874 2999 885 3070 3
900 2982 935 3053 ἃ
952 2979 1112 3073 quamvis
1132 2975 1204 3050 hoc
1231 2975 1390 3052 elationis
1413 2978 1613 3054 intentione

358 3077 550 3168 ttionemn
567 3096 736 3177 appetant
761 3121 770 3157 2
794 3093 1004 3176 operaturos
1021 3091 1139 3151 tamen
1162 3074 1193 3151 sc
1220 3094 1348 3175 magna
1367 3076 1578 3169 pertractant
1598 3100 1610 3170 ;

358 3152 549 3290 {¹202ngsssp
568 3180 678 3275 sitque
694 3233 704 3266 ,
720 3192 761 3254 ut
781 3178 873 3252 aliud
885 3180 922 3250 in'
932 3179 1010 3250 iniis
1027 3177 1179 3252 intentio
1197 3172 1390 3271 supprimat
1403 3229 1413 3260 ‚
1426 3171 1518 3253 aliud
1543 3193 1613 3253 tra.

361 3304 550 3383 deiitsuper·
568 3277 691 3354 {tantis
709 3280 830 3353 animo
850 3273 1047 3369 superficies
1070 3272 1299 3371 cogitationis
1323 3274 1497 3353 ostendat.
1516 3273 1612 3354 Nam

356 3375 433 3446 bitt-
566 3382 654 3475 saepe
675 3376 736 3453 sibi
752 3378 795 3452 de
811 3375 844 3450 se
862 3397 962 3452 mens
989 3375 1059 3469 ipsa
1087 3378 1281 3455 mentitur,
1308 3376 1344 3473 ὃς
1367 3373 1470 3472 fingit
1497 3375 1530 3451 se
1566 3377 1613 3452 de

565 3476 669 3553 bono
686 3497 920 3571 opereamare
937 3522 949 3551 ‚
969 3474 1069 3571 quod
1094 3493 1169 3549 non
1190 3484 1285 3550 aiunt
1305 3524 1316 3560 ,
1341 3473 1385 3551 de
1400 3478 1526 3554 mundi
1549 3500 1611 3551 au·

563 3593 638 3656 tem
652 3577 765 3672 gioria
792 3598 866 3650 non
893 3595 1032 3661 amare,
1057 3575 1157 3672 qnod
1182 3588 1301 3663 aniat3
1330 3595 1408 3672 qnae
1423 3574 1612 3672 principari

562 3695 733 3774 appetens
745 3727 755 3757 ,
767 3673 806 3750 iit
825 3676 867 3748 ad
881 3673 954 3750 huc
968 3673 1116 3772 pavida,
1133 3691 1216 3751 curu
1232 3681 1354 3771 quaetit
1366 3726 1376 3757 ,
1390 3676 1506 3749 audax
1524 3697 1609 3749 cuin

564 3781 775 3871 pervenerit.
800 3771 949 3850 Timent
961 3777 1067 3862 enim,
1078 3795 1123 3850 ne
1138 3791 1213 3853 non
1232 3775 1420 3869 perveniat,
1433 3770 1608 3869 trepidam

558 3874 617 3952 sed
634 3893 778 3973 repente
792 3873 1105 3971 pervenienc‚iure
1117 3871 1178 3949 sibi
1189 3872 1402 3952 denitunam
1415 3874 1514 3967 quod
1554 3898 1610 3948 er·

559 3981 845 4070 venerit2putat·
871 3975 1040 4072 Cumque
1065 3974 1221 4069 percepti
1248 3968 1507 4064 Principatuso
1548 3980 1608 4050 cio

558 4075 689 4178 pertrui
702 4073 900 4151 seculariter
914 4071 1244 4164 coeperintibenter
1257 4068 1613 4172 obtiviscirunqnid·

557 4174 645 4271 quid
667 4173 826 4271 religiose
844 4175 1028 4269 cogitavit.
1057 4168 1162 4246 Unde
1191 4165 1326 4243 necesse
1348 4169 1428 4256 est,
1458 4190 1497 4250 ut
1522 4194 1607 4248 curn

555 4277 733 4372 cogitatio
749 4291 848 4349 extra
861 4273 962 4348 usum
975 4270 1137 4344 ducitur,
1154 4273 1316 4364 protinus
1340 4271 1468 4347 mentis
1482 4273 1608 4349 ocutus

391 4392 396 4399 ·
426 4373 428 4376 ’
553 4376 598 4451 ad
614 4397 722 4472 opera
735 4371 1108 4450 transactarevocetur
1126 4389 1189 4450 tac
1202 4368 1322 4463 penset
1335 4370 1502 4468 quisque,
1519 4370 1605 4464 quid

553 4473 726 4570 subicitur
736 4475 874 4570 egerit,
900 4470 936 4544 ἃ
967 4482 1112 4563 repente
1152 4467 1369 4562 cognoscit,
1394 4468 1419 4545 si
1442 4467 1604 4544 Praeiatus

551 4573 784 4676 bonargerc,
796 4589 876 4671 quae
888 4566 1124 4670 proposuerit.
1138 4565 1244 4674 possit
1257 4594 1269 4666 ;
1283 4573 1366 4671 quia
1378 4588 1603 4669 nequaquam
1624 4585 1627 4592 ·

752 4685 755 4695 “
1485 4689 1543 4746 vc·
