3800 5417
530 549 824 677 ueroeam
846 574 1109 721 capitalibus·
1280 576 1424 718 Μ·

328 755 461 848 vocat3
481 775 563 853 qua
583 752 738 853 proinde
756 753 914 850 honestae
933 752 1176 835 deleilatiouia
1198 749 1386 845 objedum
1502 807 1504 812 ι
1662 868 1666 880 Ι

276 904 280 920 ·
326 852 398 932 effe
416 876 493 931 non
521 855 652 954 potest.
684 855 787 934 Sicut
798 852 954 952 gaudere
969 870 1048 931 non
1069 853 1152 930 licet
1174 855 1315 932 homini
1329 857 1386 932 ti·

325 955 453 1054 giianti
479 953 525 1030 de
548 954 787 1033 fornicatione
809 1007 820 1039 .
839 949 1000 1041 incestu,
1026 953 1232 1038 adulterio,
1261 953 1387 1030 homi

326 1055 427 1134 cidio
444 1057 489 1130 ab
509 1053 640 1131 eodem
659 1055 863 1131 dormiente
884 1055 1122 1151 perpetratis,
1147 1058 1309 1155 quamvis
1324 1056 1398 1128 inv

325 1154 375 1232 de
392 1156 557 1254 corporis
579 1154 776 1240 ualetudo,
801 1154 946 1252 pinguia
971 1151 1183 1230 hareditma
1209 1152 1385 1232 consecu-

294 1271 296 1276 ’
326 1258 405 1342 tio,
425 1276 498 1354 pax
525 1299 537 1335 ‚
561 1255 599 1331 dt
625 1253 879 1349 tranquillitas,
899 1251 957 1329 seu
981 1252 1200 1336 domestica.
1224 1252 1283 1329 seu
1308 1253 1384 1349 pti·
1464 1256 1483 1287 ⁸·

327 1365 407 1434 tate
428 1358 661 1449 provenerint
673 1375 686 1439 3
707 1355 791 1453 quia
812 1351 1029 1430 fornicatio,
1051 1353 1225 1440 incestus,
1243 1352 1386 1429 adulte·

325 1458 445 1540 tium,
463 1451 702 1533 homicidium
724 1475 790 1552 per
809 1451 865 1540 se,
889 1452 927 1528 de
946 1475 995 1531 ex
1011 1464 1136 1532 nature
1155 1450 1215 1531 sua
1236 1464 1385 1549 peccata

326 1554 419 1632 sunt·
448 1552 545 1632 Cum
567 1556 678 1652 igitur
698 1552 859 1650 pollutio
879 1550 921 1628 lit
945 1551 1095 1630 luxurie
1116 1551 1245 1652 species
1266 1584 1281 1635 a
1305 1551 1386 1628 sor·

324 1655 529 1741 tricationu,
548 1654 726 1756 adulterio
740 1703 751 1737 ‚
763 1651 919 1729 incestu,
943 1650 1086 1752 ipsaque
1106 1652 1275 1752 sacrilegii
1295 1672 1385 1729 cor·

324 1755 464 1852 ruptela
484 1754 650 1851 graivior,
665 1768 706 1833 ut
718 1755 829 1831 docet
846 1756 880 1832 S.
894 1749 1062 1834 Thomas,-
1085 1751 1132 1831 de
1147 1752 1205 1830 illa
1221 1750 1381 1849 gaudere

325 1855 506 1932 nonlicet
531 1857 666 1953 potiori
691 1855 796 1950 iure,
817 1873 927 1951 quam
950 1853 997 1930 de
1027 1852 1102 1930 aliis
1130 1851 1280 1931 luxuriae
1298 1851 1382 1950 ipe.

325 1957 472 2042 erebus,
503 1955 754 2055 quodcunque
773 1955 914 2030 bunum
940 1975 988 2029 ex
1020 1951 1077 2030 illa
1102 1952 1208 2030 firerit
1232 1975 1296 2053 per
1316 1972 1379 2030 ac·

324 2055 449 2130 cidens
473 2054 734 2136 consecutumt
754 2056 918 2153 quamvis
939 2053 986 2130 de
1013 2053 1090 2153 ipso
1119 2055 1222 2129 bono
1245 2075 1292 2130 ex
1316 2027 1386 2130 itla'
1454 2083 1456 2087 ·
1532 2079 1536 2088 ·

324 2151 522 2231 consecuto
534 2156 690 2252 gaudere
708 2153 823 2232 liceat·
855 2150 897 2230 Et
912 2151 997 2230 licet
1017 2152 1316 2250 complacentiam
1336 2153 1381 2230 iu
1452 2201 1456 2210 -
1502 2197 1503 2205 x

290 2255 292 2258 ’
324 2253 395 2350 ipsa
421 2251 624 2347 pollutione
635 2271 811 2347 quatenoc
823 2253 1001 2330 alleviatio
1024 2255 1189 2350 corporis
1209 2253 1278 2338 eil,
1298 2270 1380 2329 nou

324 2361 500 2453 quatenus
519 2351 704 2433 deleilatiu
722 2353 890 2441 carnalis,
912 2361 1100 2448 peccatum
1127 2369 1203 2429 nou
1229 2349 1299 2428 elle
1314 2350 1381 2428 da·

323 2472 468 2531 remur,
494 2453 728 2551 periculosam
746 2462 866 2531 tamen
891 2445 960 2529 esse
986 2454 1066 2550 quia
1089 2474 1218 2550 negare
1240 2449 1379 2550 poisat.

324 2576 409 2635 cum
431 2551 636 2648 hujusmodi
658 2552 879 2642 praecisiones
892 2555 1044 2652 inpraxi
1058 2542 1379 2629 iintdifficillimaal

321 2646 420 2733 Hinc
431 2651 628 2741 Gersonius,
640 2651 759 2732 Τηᾶ.
774 2653 1168 2740 neminemneminer,
1182 2649 1331 2748 Propius·
1339 2644 1381 2722 60

323 2808 380 2845 „„
407 2751 536 2832 Videat
558 2756 728 2850 (inquit)
752 2753 869 2839 homo
897 2754 1090 2852 presertim
1114 2754 1270 2831 novitius
1291 2797 1303 2831 ι
1330 2771 1380 2826 ne

321 2853 527 2946 hujusmodi
558 2853 821 2952 complacentia
865 2853 900 2929 se
939 2853 1111 2939 leducat.
1152 2849 1378 2952 praeteudeua
1530 2919 1533 2939 1

322 2972 461 3031 unum»
482 2955 519 3030 ἃ
537 2976 646 3053 agens
670 2954 832 3034 alterum·
856 2951 1037 3036 Salubriua
1059 2953 1108 3030 est
1128 2955 1250 3053 itaque
1274 2950 1379 3048 cogi·
1456 2977 1457 2981 ι

324 3056 476 3130 tationes
500 3056 590 3131 circa
607 3079 681 3132 rem
703 3053 796 3131 hanc
807 3054 1002 3139 divertere,
1016 3048 1124 3154 quar'n
1134 3053 1265 3130 habere
1278 3104 1347 3144 „„.

292 3194 294 3198 >
372 3151 500 3235 Hanc,
519 3153 809 3253 superioremque
832 3153 1008 3252 Regulam
1038 3151 1218 3249 langui.
1243 3148 1379 3229 confir·

322 3265 399 3329 mat
429 3252 489 3329 lib.
511 3271 566 3325 ror
595 3253 830 3348 Confeffionum
864 3278 941 3350 cap.
964 3267 1025 3350 30.
1064 3256 1124 3332 ubi
1156 3251 1372 3338 confitetur.

323 3375 401 3453 quo
422 3352 537 3430 modo
557 3353 591 3430 se
604 3355 731 3431 habeat
751 3355 795 3431 ad
808 3357 1024 3432 tentationes
1048 3352 1376 3433 carnaliclrbrdmra·
1438 3410 1454 3416 -

320 3506 346 3545 „
361 3508 383 3544 ‚‚
413 3451 543 3531 Adhuc
561 3456 687 3533 vivunt
702 3454 718 3543 (
732 3451 868 3550 inquit)
888 3457 924 3530 in
951 3457 1124 3531 memoria
1146 3473 1225 3530 mea
1247 3451 1377 3529 talium

321 3575 441 3629 rerum
462 3556 657 3651 imagines,
682 3578 768 3653 quaa
786 3555 832 3633 ibi
857 3552 1084 3631 consuetudo
1106 3566 1185 3630 mea
1210 3551 1313 3634 lixit3
1333 3552 1391 3627 dez

322 3651 511 3729 occursant
532 3653 619 3729 mihi
639 3656 796 3751 vigilanti
821 3655 967 3752 quidem
989 3666 1146 3731 carentes
1164 3654 1317 3739 viribus.
1335 3654 1375 3732 itt

322 3749 457 3827 somnia
481 3769 700 3830 autemnon
730 3754 843 3831 solum
873 3753 984 3847 usque
1009 3755 1053 3830 ad
1076 3752 1376 3839 deletlationem.

321 3849 380 3924 led
407 3846 513 3927 etiam
539 3853 648 3950 usque
665 3854 708 3930 ad
731 3853 1021 3939 consenfioriem,
1039 3852 1244 3953 latiumque
1269 3850 1378 3927 fimil-
1421 3860 1423 3864 ‘
1574 3835 1582 3852 ‘

321 3948 461 4049 limum·
492 3949 538 4028 Et
566 3968 705 4031 tantum
731 3955 822 4032 vaiet
852 3956 1016 4051 imaginis
1042 3953 1163 4032 illulio
1186 3956 1223 4028 in
1254 3954 1373 4032 anima

322 4072 426 4132 mea,
445 4052 481 4126 lla
506 4059 542 4127 in
565 4065 671 4129 carne'
690 4078 768 4132 mea
791 4072 862 4138 ,ut
886 4053 1078 4147 dormienti
1101 4052 1179 4130 salsa
1204 4051 1271 4128 visa
1290 4075 1372 4149 per·
1449 4074 1453 4082 ·

321 4147 487 4228 suadeant
500 4201 512 4236 ,
527 4154 629 4250 quod
644 4153 802 4252 vigilanti
814 4177 896 4231 veta
915 4178 992 4231 non
1012 4149 1168 4251 pOffllsstt
1194 4151 1376 4252 Nunqui'd

322 4255 411 4327 turic
432 4276 504 4348 ego
518 4276 593 4330 non
612 4253 714 4338 sum,
734 4254 895 4333 Domine
916 4253 1017 4332 Deus
1036 4253 1164 4333 naeus?
1183 4250 1227 4330 Et
1249 4266 1373 4330 tamen

323 4364 463 4426 tantum
487 4353 628 4429 interest
645 4357 736 4431 inter
762 4369 822 4432 me
843 4354 980 4449 ipsum,
1000 4354 1038 4430 dt
1061 4377 1119 4430 me
1144 4353 1258 4450 ipsum
1280 4355 1372 4432 intra

323 4466 551 4527 momentum
569 4508 579 4537 ,
597 4477 672 4548 quo
693 4453 835 4532 hinead
857 4454 1025 4551 soporem
1046 4452 1205 4548 transeo,
1230 4451 1283 4527 vel
1297 4450 1372 4529 huc
1404 4542 1410 4551 Ι

322 4549 407 4628 iude
430 4556 618 4643 retranseo.
647 4552 719 4636 Ubi
744 4555 794 4636 est
814 4557 1024 4647 maurulio,
1041 4550 1369 4728 quaetalibuffiosug·
1398 4596 1417 4674 a!

383 4712 388 4722 .
1188 4675 1235 4752 80
1303 4695 1322 4743 ·,
