3800 5417
476 642 482 651 .
579 567 647 667 De
674 568 861 663 Peccatis
891 507 1148 691 capitalibur.
1324 596 1376 707 β

331 735 486 816 flnemo
510 736 696 834 iaudaret;
715 741 895 840 ipsamque
918 740 1061 823 laudem
1086 758 1185 822 tuam
1210 755 1298 821 runc
1320 742 1377 816 in-

328 841 463 938 teiligas
484 836 553 918 effe
577 841 699 918 utilem
720 843 963 929 laudantibus,
986 844 1010 920 st
1036 868 1112 921 non
1139 860 1175 921 te
1204 843 1317 940 ipsum
1338 845 1377 920 iu

328 955 388 1016 rua
409 945 479 1031 vira
500 943 618 1024 bona.
635 940 692 1018 sed
710 939 833 1020 Deum
866 943 1069 1022 honorent,
1095 947 1196 1038 cujus
1218 938 1381 1022 sandissi-

328 1063 410 1117 mus
432 1041 608 1132 tempium
637 1042 707 1126 est,
721 1044 874 1142 quisquis
893 1047 982 1122 vivit
1003 1046 1093 1121 bene
1106 1090 1174 1134 ,‚„.

377 1137 547 1218 EtSerm.
570 1158 627 1223 12·
639 1147 676 1217 in
691 1142 773 1226 Pur.
792 1155 872 1229 ¹18·
887 1145 1070 1241 explicans
1094 1143 1193 1220 huno
1211 1140 1374 1225 versumr

327 1246 461 1316 Auem
480 1241 588 1312 uruitu
608 1264 715 1329 trecor,
740 1267 779 1312 ne
802 1250 940 1315 vrdearrr
967 1246 1172 1322 vanitarem,
1204 1241 1378 1338 illumque

328 1344 518 1419 conterens
541 1364 625 1419 cum
645 1343 712 1419 hac
732 1341 886 1421 Domini
906 1344 1101 1420 sententia:
1123 1344 1158 1414 rr·
1179 1343 1287 1414 oculus
1300 1363 1378 1411 surr

324 1442 433 1535 fueret
451 1441 609 1538 fimpiex,
629 1445 701 1515 (rc.
715 1448 819 1532 ait:„
835 1501 858 1536 ,,
893 1444 1047 1523 Proinde
1070 1445 1193 1540 magni
1216 1440 1380 1527 interest.

328 1567 413 1625 cum
436 1534 569 1646 aliquid
596 1543 684 1619 boni
700 1544 848 1622 iacintus
860 1600 870 1630 ‚
884 1547 987 1640 cujus
1003 1547 1050 1619 rei
1070 1543 1382 1639 contemplatione

327 1644 510 1722 faciamus·
535 1640 858 1743 Officiumquippe
881 1648 1041 1723 nostrum
1062 1668 1138 1721 uon
1157 1639 1304 1728 officio,
1322 1639 1381 1719 sed

327 1745 397 1831 iine
413 1744 635 1843 pensandum
657 1746 707 1822 est
727 1768 739 1834 3
759 1763 799 1821 ut
829 1745 958 1822 scilicet
995 1768 1069 1820 non
1098 1759 1239 1823 tantum
1263 1740 1287 1817 st
1315 1743 1385 1815 bu·

328 1868 416 1931 num
437 1846 511 1930 eii,
527 1849 628 1943 quod
647 1844 816 1930 facimus,
832 1844 889 1920 sed
912 1845 1297 1944 praecipue,iibonum
1309 1840 1383 1941 pst.

329 1944 594 2043 propterquod
613 1944 1010 2045 ircimumogiteurus.
1041 1943 1121 2022 Hos
1142 1944 1384 2038 oculumque
1438 2034 1443 2041 ,

329 2044 729 2146 bus'soutemplamur‚
747 2070 854 2146 quare
872 2046 1060 2132 faciamus,
1083 2047 1185 2143 quod
1206 2043 1380 2127 iacimus.
1497 2114 1502 2132 ,

328 2149 438 2221 averti
456 2144 587 2244 poscit,
610 2170 655 2222 ne
674 2151 815 2223 rideant
837 2150 1032 2223 vanitatem
1046 2196 1057 2230 .
1073 2149 1108 2222 id
1134 2146 1182 2222 eii
1198 2191 1208 2216 2
1224 2167 1269 2218 ne
1290 2142 1386 2220 hane

327 2246 513 2349 attendat,
539 2263 687 2344 propter
711 2271 818 2346 quam
845 2247 971 2332 faciat,
985 2270 1069 2326 cum
1088 2249 1175 2322 boni
1189 2243 1320 2339 aliquid
1334 2241 1352 2316 f
1367 2256 1387 2312 ·.

327 2348 388 2423 cit.
416 2352 456 2420 ln
480 2369 550 2445 qua
578 2351 730 2439 uanitate
751 2351 973 2445 precipuum
989 2348 1111 2423 lucum
1125 2347 1269 2422 obtinet
1280 2364 1383 2418 amor

327 2441 438 2523 laudis
464 2444 661 2532 humane,
687 2466 836 2546 propter-
862 2472 972 2543 quana
1005 2447 1119 2522 muita
1140 2469 1268 2541 nragna
1288 2442 1388 2518 fece·

326 2561 432 2630 tunt,
448 2549 509 2639 qui
536 2552 657 2641 uragni
677 2553 713 2633 in
731 2551 805 2626 hoc
822 2547 941 2624 seculo
966 2549 1144 2623 nominati
1168 2547 1267 2625 funt,
1290 2541 1381 2619 mui-

327 2659 478 2757 tumque
506 2644 636 2723 laudati
670 2652 706 2723 in
725 2651 927 2725 civitatibus
944 2651 1107 2743 gentium
1138 2702 1148 2730 ,
1185 2656 1384 2739 quaerentes
1458 2711 1462 2717 ,
1562 2680 1566 2687 -

326 2767 405 2820 nore
433 2747 531 2843 apud
560 2744 684 2824 Deum
712 2794 722 2826 ‚
751 2747 929 2844 [edapud
953 2748 1118 2826 homines
1141 2742 1385 2842 gloriam-dr

326 2862 476 2943 propter
500 2845 593 2922 hanc
620 2849 716 2923 velut
735 2849 963 2946 prudenter,
990 2848 1155 2930 fortiter,
1181 2862 1383 2940 temperan-

327 2962 378 3020 ter
392 2993 400 3021 2
413 2947 576 3041 justeque
598 2950 777 3032 viventes,
793 2948 837 3021 ad
854 2971 965 3042 quam
994 2950 1240 3041 pervenientes
1257 2963 1381 3041 perce·

326 3062 457 3138 petunt
476 3050 678 3122 mercedem
700 3048 816 3131 suam,
837 3052 919 3125 vani
950 3072 1088 3122 vanam.
1119 3048 1173 3122 Ab
1194 3043 1261 3123 hac
1285 3042 1382 3121 rani·
1576 3101 1581 3108 .

301 3212 304 3217 .
326 3160 397 3220 tate
419 3145 545 3228 uolens
576 3145 757 3224 Dominus
777 3166 935 3226 avertere
961 3149 1087 3229 oculos
1113 3147 1285 3227 suorum:
1315 3152 1380 3213 At·
1398 3120 1507 3192 Mitti·
1524 3128 1581 3195 (ν

326 3251 450 3313 rendere
464 3245 636 3342 (inquit)
650 3246 866 3337 nejulir'rr'am
888 3247 1027 3326 vestram
1046 3245 1184 3336 facietis
1203 3265 1310 3313 corum
1325 3241 1385 3313 ho.

325 3343 492 3431 minitas,
511 3368 548 3414 ut
567 3352 748 3417 uideamuu'
764 3345 805 3424 eb
823 3353 894 3441 eirt
910 3348 1035 3440 otioqur'
1048 3354 1222 3420 mercedem
1238 3366 1298 3411 nor
1325 3343 1386 3412 ira.

326 3440 444 3515 hebreis
467 3452 551 3535 apud
565 3450 697 3521 Parrem
717 3447 861 3528 vestrum
883 3499 894 3532 ,
915 3452 973 3540 qui
1000 3452 1034 3518 iu
1060 3448 1146 3519 reiis
1160 3441 1219 3526 rste.
1244 3441 1385 3528 Deinde

325 3569 407 3622 cum
428 3545 535 3642 ipfius
555 3549 691 3642 justitiae
706 3565 821 3643 partes
836 3549 1002 3645 quasdam
1022 3565 1381 3645 exequeretunprae-

324 3650 459 3747 cipieos
486 3647 808 3746 decemuiros,
842 3651 887 3726 de
912 3654 1076 3726 oratione
1104 3647 1190 3736 ,de
1221 3646 1383 3738 ieiunio·

327 3750 458 3842 ubique
475 3748 512 3823 id
536 3750 753 3830 admonuit>
772 3775 817 3826 ne
840 3750 971 3849 aiiquid
991 3772 1116 3828 corum
1145 3767 1294 3842 propter
1303 3742 1385 3839 glo·

328 3849 413 3923 riam
435 3846 627 3923 hominum
656 3846 738 3934 fiat,
756 3851 792 3924 de
813 3853 947 3949 ubique
971 3851 1087 3934 dicit,
1111 3870 1195 3930 eos,
1217 3847 1280 3942 qui
1299 3866 1385 3936 pro·

327 3962 445 4040 pterea
474 3945 635 4025 faciunt,
666 3947 854 4045 percepiiie
877 3952 1079 4026 mercedem
1108 3945 1228 4030 mam,
1249 3945 1288 4023 id
1306 3942 1384 4029 esi.

325 4067 404 4121 nou
422 4064 607 4131 eternam,
624 4071 703 4144 quae
718 4048 850 4128 Sandis
864 4048 1015 4146 reposua
1031 4051 1080 4124 eii
1105 4050 1200 4144 apud
1222 4049 1385 4139 patrenus
1450 4120 1452 4124 ,

324 4143 384 4219 sed
405 4147 641 4243 temporalem
658 4203 668 4231 ,
684 4172 793 4244 quam
807 4169 992 4243 quaerunt,
1009 4153 1070 4247 qtu'
1090 4144 1381 4238 contemplantur

322 4245 359 4321 in
375 4244 439 4319 suis
451 4249 619 4342 operibus
635 4252 848 4342 vanitatem3
873 4275 947 4325 non
963 4255 1043 4345 quia
1054 4247 1121 4343 ipsa
1137 4248 1208 4321 iaus
1224 4244 1383 4329 humana

323 4348 499 4444 culpanda
518 4347 592 4431 est,
622 4372 704 4422 nam
719 4350 809 4521 <auid
824 4367 900 4432 tam
922 4350 1130 4447 optandum,
1146 4349 1193 4421 est
1222 4346 1379 4426 homini.

323 4444 386 4522 bus
408 4501 420 4535 2
442 4469 553 4543 quant
576 4450 616 4522 rit
637 4450 685 4534 eis
713 4465 906 4544 pateant,
938 4473 1016 4550 quae
1042 4449 1196 4523 debeant
1222 4451 1384 4540 imitari?

324 4541 391 4636 Sed
410 4545 865 4739 propteripiuulaudeofi
882 4545 1382 4673 beneoptrtrmhosestrn-
1487 4572 1490 4577 ·
1608 4566 1611 4572 ’

379 4682 383 4690 ·
892 4672 922 4756 u
1229 4672 1330 4734 uua·
1455 4732 1458 4737 .
