3800 5417
552 595 645 712 πώ
742 583 901 692 Theoi.
916 579 1034 712 [lug.
1054 577 1263 704 &Morsu
1282 585 1376 690 tus
1386 574 1467 690 111·

560 785 600 850 re
621 769 739 868 dignis
763 766 893 852 fimus,
924 769 963 846 de
983 766 1140 865 indignis
1164 772 1297 870 peritur
1321 771 1545 856 occurrere,
1568 755 1623 850 ils·

563 871 698 948 llinens
732 868 979 968 ingentilfintss
1003 875 1166 948 oenones
1192 917 1205 952 ,
1230 869 1379 948 ludibria
1403 873 1562 950 ortium,
1583 873 1622 948 dt

490 981 493 986 ’
564 992 677 1067 opere
698 993 871 1048 munuum
894 969 1034 1048 suerum
1057 969 1269 1057 adurentes,
1295 987 1430 1047 numen
1455 993 1545 1048 cunr
1571 971 1621 1050 ss:

563 1073 662 1148 utilia
684 1069 790 1170 ipisus
809 1069 1057 1170 persequentes
1072 1126 1083 1159 ‚
1097 1071 1276 1150 luxuriam
1293 1072 1531 1158 ,evantium
1554 1073 1622 1148 iuia

563 1174 767 1270 quitetem.
789 1172 1047 1272 malignitatem
1067 1173 1231 1271 quotidie
1257 1169 1513 1249 inolescentem
1538 1189 1552 1262 ;
1578 1175 1620 1250 ut'

560 1273 623 1350 lun
651 1269 715 1347 libi
735 1273 902 1368 patientia
922 1269 1085 1349 detrahat
1106 1291 1119 1364 ;
1137 1270 1254 1368 plures
1285 1273 1381 1348 euleu
1407 1268 1618 1352 Dominuut

561 1372 700 1449 idcirco
721 1391 798 1448 non
817 1372 992 1451 credunt.
1010 1374 1092 1470 quia
1107 1368 1225 1450 seculo
1246 1373 1377 1449 iratum
1393 1371 1536 1449 tamdiu
1558 1387 1619 1450 ue·-

562 1471 691 1550 sciunu
728 1467 775 1548 Et
802 1471 882 1548 lraec
911 1469 1058 1569 quidem
1086 1471 1215 1549 divinae
1251 1474 1428 1568 petientiae
1464 1469 1618 1570 speciest

564 1571 664 1670 quat
683 1569 729 1647 de
757 1571 988 1669 longinquo,
1018 1571 1091 1649 sors
1109 1585 1152 1650 ut
1174 1572 1219 1649 de
1243 1573 1398 1670 supernis
1412 1571 1617 1652 aellimetun

562 1669 669 1767 Quid
689 1672 746 1748 ilia
766 1688 887 1750 autem
902 1720 912 1753 .
928 1693 1011 1768 quae
1031 1675 1124 1750 inter
1143 1671 1307 1750 homines
1330 1670 1446 1770 palam
1468 1673 1619 1750 interris

565 1769 845 1874 quodammodo
856 1795 967 1850 manu
982 1771 1196 1871 apprehense
1214 1773 1263 1851 esl
1275 1772 1293 1854 2
1305 1769 1407 1848 Nesei
1417 1771 1451 1848 se
1465 1768 1566 1852 Deus
1576 1775 1616 1849 iri

567 1886 675 1950 utero
699 1876 831 1971 patitur
851 1875 994 1960 maerin
1028 1874 1065 1949 de
1088 1874 1284 1971 exspectat,
1310 1873 1346 1949 dt
1370 1885 1474 1950 nutus
1496 1871 1619 1970 udole3

567 1971 665 2051 scere
681 1970 846 2059 suitinet,-
866 1973 903 2048 dt
927 1971 1068 2051 adultus
1096 1995 1171 2048 uon
1189 1977 1293 2070 gestit
1316 1970 1488 2072 agnosci,
1505 1971 1564 2050 sed
1579 1971 1619 2050 dt

569 2069 1004 2174 coutetureliosusinsuper
1026 2071 1086 2149 fibi
1112 2073 1184 2153 est,
1199 2075 1236 2151 dt
1264 2071 1404 2150 userro
1421 2072 1486 2151 suo
1512 2075 1619 2173 tingi·

405 2245 456 2276 ¹..
567 2181 663 2254 tur,
694 2175 732 2250 de
754 2177 941 2252 tentatoris
970 2171 1177 2272 congressus
1215 2172 1296 2250 solit
1320 2175 1435 2251 verbis
1468 2171 1617 2270 repellis

479 2340 486 2352 .
568 2275 666 2354 Cum
686 2275 732 2349 de
746 2271 915 2355 Domino
942 2270 983 2351 fit
1006 2273 1192 2369 magister,
1212 2275 1248 2350 dt
1266 2273 1401 2351 docens
1427 2269 1616 2352 homineul

566 2375 718 2450 eredere
736 2379 782 2451 ad
802 2376 968 2453 salutern,
986 2370 1114 2452 scilicet
1127 2375 1266 2451 veniens
1285 2373 1427 2452 offensu
1440 2377 1618 2469 patientie

568 2475 748 2563 eruditus,-
761 2499 837 2552 nun
856 2476 1067 2573 contendit,
1095 2495 1170 2550 non
1190 2473 1414 2554 reclamant,¹
1439 2496 1509 2552 nec
1526 2471 1619 2572 quie

568 2597 680 2673 quern
701 2580 737 2650 in
750 2575 872 2674 plateis
892 2595 1020 2650 rocem
1039 2576 1113 2667 ejus
1125 2574 1279 2661 audiuit,
1292 2575 1505 2652 arundineus
1518 2573 1620 2673 quasa

570 2680 678 2752 lutum
708 2699 785 2752 non
823 2675 928 2769 fregit
957 2669 1100 2758 elinunr
1134 2674 1311 2769 fumigans
1333 2695 1410 2752 nun
1444 2675 1618 2752 restinxits

569 2775 654 2854 Nec
677 2778 774 2851 enirn
794 2777 965 2850 mentitur
987 2773 1094 2851 suerit
1107 2772 1308 2870 Propheta,
1327 2778 1403 2851 insu
1420 2772 1529 2873 iplius
1547 2774 1617 2852 Del

568 2876 783 2954 contestatio
801 2875 976 2970 Spiritum
991 2873 1092 2952 suum
1112 2878 1147 2950 in
1163 2875 1333 2952 siliceum
1357 2889 1432 2951 tota
1449 2879 1618 2972 patientie

567 2975 792 3054 collocantis
816 2973 973 3053 Nullum
993 2976 1173 3051 volentem
1187 2973 1249 3052 libi
1263 2975 1460 3063 adhaerere,
1474 2977 1619 3053 noniu-

568 3073 705 3172 scepit3
724 3075 853 3152 nullius
875 3074 1029 3152 menium
1052 3125 1061 3156 ‚
1080 3075 1257 3152 tedumve
1279 3075 1437 3172 despexit
1455 3097 1467 3168 3
1484 3091 1618 3174 aquam

569 3177 642 3270 ipse
661 3176 816 3252 lavandis
834 3175 1087 3271 discipulorum
1112 3177 1264 3269 pedibus
1278 3175 1498 3276 ministrarit·
1524 3175 1618 3253 Nou

570 3292 795 3369 peccatores,
820 3297 895 3351 non
911 3273 1121 3351 Publicanos
1142 3274 1341 3373 aspernatus
1355 3272 1414 3352 ert
1448 3273 1538 3352 Non
1564 3275 1617 3352 illi

568 3377 723 3455 civitati,-
738 3395 818 3473 quae
837 3396 920 3450 eum
941 3378 1098 3468 recipere
1121 3378 1304 3463 noluerat,
1319 3379 1427 3454 iratus
1442 3375 1492 3451 eli
1503 3423 1514 3462 ‚-
1527 3385 1617 3453 curu

567 3479 674 3550 etiam
696 3474 859 3573 discipuli
881 3520 891 3553 s
911 3492 985 3549 tam
1002 3475 1268 3552 contumelioso
1288 3478 1427 3573 oppido
1451 3474 1617 3553 toelestes

566 3575 668 3750 {igntes
687 3572 1145 3751 fssptaes⁸fftt⁸¹ip'⁰¹⁰isffnt'
1169 3573 1617 3752 ffgratustcutaeitggute'l:

593 3696 695 3750 uun
724 3699 764 3752 us
786 3696 827 3751 ce
853 3697 893 3750 ιι
945 3697 1046 3751 urum
1087 3697 1152 3760 oc.
1222 3697 1423 3754 noueram
1541 3699 1550 3748 ι

566 3787 645 3854 rem
666 3776 767 3853 suum
787 3773 904 3852 secum
935 3772 1061 3851 habuit
1085 3795 1160 3852 ‚ne
1191 3776 1395 3854 constanter
1414 3697 1614 3858 delineavit·

566 3873 663 3954 Cum
684 3897 771 3952 reto
795 3872 965 3960 traditur,·
978 3891 1061 3952 cunt
1081 3875 1293 3962 adducitun·
1315 3892 1355 3953 ut
1367 3885 1476 3978 petus
1494 3874 1541 3950 sd
1559 3877 1617 3951 ri·

568 3976 733 4066 dimum
750 3972 797 4051 fic
813 3975 908 4050 enim
927 3997 1003 4050 nun
1016 3977 1129 4068 magis
1149 3977 1260 4075 aperit
1288 3998 1351 4053 os,
1373 3985 1482 4076 quenl
1498 3991 1616 4074 eguus

566 4075 632 4152 iub
658 4072 842 4151 tondentis
867 4073 1054 4170 potestate.
1078 4071 1166 4159 lile,
1191 4078 1248 4153 cui
1266 4073 1426 4173 legiones
1455 4075 1614 4171 Angelo-

566 4171 712 4257 rum,fi
738 4170 924 4257 voluisset,
940 4197 1016 4250 unu
1038 4172 1133 4251 diuo
1146 4172 1191 4250 de
1215 4174 1316 4253 coelis
1340 4171 1549 4261 udsuilsent.¹
1567 4193 1615 4258 nt

567 4278 674 4352 unius
696 4274 842 4370 quidem
862 4271 1023 4371 discipuli
1047 4323 1059 4357 ‚
1080 4275 1210 4352 scilicet
1243 4277 1336 4353 Petri
1355 4273 1520 4353 discentis
1536 4279 1615 4376 gia.

566 4377 667 4451 diurn
679 4375 833 4451 ultorem
847 4375 1024 4469 probueits
1051 4371 1220 4452 Patientia
1237 4374 1389 4455 Domini
1405 4382 1442 4453 in
1460 4377 1614 4458 Malcho

566 4471 752 4551 vulnerata
769 4474 831 4551 ein
858 4474 983 4572 ltaque
1003 4477 1039 4550 dt
1070 4476 1178 4572 gladii
1204 4499 1314 4577 opera
1334 4475 1518 4554 maledixit
1546 4481 1616 4556 inr¹

564 4574 774 4667 nolierunt,
791 4574 827 4652 de
845 4565 995 4655 sanitatis
1006 4575 1229 4655 restitutione
1244 4581 1300 4665 ei,
1321 4600 1430 4678 quem
1447 4597 1526 4751 uon
1540 4577 1616 4677 ipse

1456 4697 1500 4758 ee
1527 4699 1566 4766 αι,
