3800 5417
550 563 620 658 De
644 569 832 664 Peccatis
857 563 1120 693 capitalibual
1297 552 1386 674 '49⁷‘
1484 586 1503 690 ἶ
1623 668 1629 676 .

319 748 382 839 pta
400 731 657 827 suntpdextro
678 744 776 821 enim
793 739 905 819 oculo
928 762 1005 818 non
1024 742 1141 821 minut
1156 733 1288 816 linisset
1310 757 1367 813 er·

321 855 438 925 raret;
459 852 555 913 certe
567 860 630 934 pes
648 839 743 921 sensu
756 839 1053 934 concupiscentie
1070 861 1174 919 careo
1211 838 1366 915 domino

319 935 452 1027 inutilis
476 937 549 1020 ests
564 942 728 1036 iuque'm
751 961 870 1038 poenae
894 939 994 1019 mula
1016 962 1093 1017 non
1120 936 1264 1016 incdet·
1293 932 1366 1013 Sed

320 1041 404 1136 quia
429 1036 561 1111 diversa
590 1041 744 1117 invicem
775 1041 956 1123 membra,
973 1060 1106 1139 corpur
1137 1052 1256 1116 tamen
1284 1058 1367 1114 om-

320 1159 384 1215 uer
404 1150 519 1213 unum
537 1135 677 1214 sumus»
694 1143 845 1231 abjicere
861 1164 880 1217 a
897 1139 1001 1215 nobis
1012 1184 1023 1221 s
1034 1138 1089 1214 rel
1104 1139 1225 1237 polias
1243 1157 1367 1212 nuere

321 1237 606 1336 propinquitates
619 1235 896 1316 charissimorum
909 1242 1100 1315 nominum
1109 1236 1366 1320 admonemur.

322 1336 409 1414 liin
432 1334 497 1409 illis
519 1337 651 1433 aliquid
675 1337 743 1416 tale
767 1360 986 1423 cernamus,
1010 1360 1057 1412 ne
1079 1339 1116 1412 in
1142 1333 1366 1413 consortium

321 1435 476 1512 criminis
495 1455 623 1511 eorum
644 1435 689 1512 de
701 1437 931 1515 familiaritate
942 1434 1276 1528 reniamumtesliua
1297 1432 1369 1510 uti·

322 1534 436 1620 libus,
457 1535 494 1608 dc
516 1541 672 1611 maxime
690 1535 899 1625 necessariis,
917 1552 1089 1636 tanquam
1107 1533 1226 1620 oculi,
1246 1534 1283 1609 dr
1305 1552 1370 1630 pe·

323 1634 378 1711 dit
399 1634 568 1710 membris
588 1652 768 1723 carentes,
787 1660 894 1735 quam
914 1634 1069 1732 usquein
1085 1633 1289 1711 societatem
1304 1651 1371 1727 ge·

256 1740 258 1748 “
322 1733 473 1813 henna,
491 1735 622 1811 vitiosa
637 1738 911 1836 propinquitatis
924 1754 1105 1815 teneamur
1120 1728 1249 1811 affeuu
1271 1784 1294 1822 „
1306 1776 1345 1823 „-

372 1835 597 1948 S3Peciauus,
613 1833 718 1930 Epist.
733 1856 766 1925 3,
777 1837 821 1913 ad
836 1841 1103 1928 &ruptariorum
1115 1832 1346 1913 novatianum
1354 1833 1374 1919 ‚¹

324 1933 444 2030 quim
470 1931 525 2009 his
550 1933 733 2032 Evangelii
759 1936 850 2013 locis
876 1935 1115 2015 abutebatur.
1141 1948 1183 2013 ut
1206 1928 1320 2027 lapsos
1347 1953 1371 2010 a

325 2033 537 2129 punitentia
570 2034 792 2128 repellendos
818 2032 886 2112 esse
919 2036 1116 2134 probarett
1148 2087 1171 2125 „
1188 2087 1212 2125 „
1257 2030 1375 2112 Videa

326 2134 508 2228 (inquit)
525 2155 600 2208 non
623 2136 668 2212 de
691 2137 947 2230 poenitentibus
969 2132 1121 2218 diuum,
1143 2129 1203 2210 sed
1224 2129 1271 2209 de
1292 2130 1370 2217 hir.

327 2234 392 2330 qui
414 2253 490 2309 non
509 2230 623 2311 solum
655 2233 718 2409 ἰεῦ
739 2240 775 2310 in
799 2235 959 2313 sacinoro
981 2232 1222 2328 perseverant,
1244 2251 1373 2309 rerum

327 2335 435 2408 etiam
453 2353 520 2407 nus
539 2331 660 2410 scanda
677 2340 767 2410 'zare
785 2358 861 2412 non
882 2334 1056 2412 definunt.
1086 2328 1135 2410 Hi
1149 2379 1162 2417 s
1176 2331 1374 2432 quamlibet

328 2433 430 2611 schari
451 2430 545 2519 fint,
566 2433 1020 2534 relinqueod13quamlibet
1042 2430 1166 2520 utilcr,
1192 2428 1377 2510 deserendi

342 2552 409 2612 unt
435 2574 459 2618 >p

376 2636 408 2708 s,
423 2577 531 2722 Juffn.
541 2627 670 2726 chrys,
689 2628 929 2728 ·H0m·17.in
954 2626 1166 2718 umatum,
1181 2628 1250 2716 ait.
1270 2622 1376 2706 Chri·

328 2729 422 2810 stum
446 2730 500 2807 his
519 2735 632 2811 verbis
649 2741 740 2806 Irata
762 2730 987 2832 significasse,
1002 2753 1067 2826 qua
1087 2732 1125 2800 ir
1147 2726 1304 2821 ejusmodi
1317 2719 1376 2816 se·

329 2855 437 2904 minas
456 2852 506 2901 m
534 2832 694 2905 debemus·
720 2832 765 2912 Et
793 2836 930 2911 idcirco
955 2822 1238 2926 subjunxisse3fi
1262 2832 1374 2915 males
1498 2832 1502 2837 ’
1569 2894 1573 2903 .

330 2946 407 3005 taut
432 2933 549 3001 derret
573 2929 778 3018 scandalizat
800 2951 857 3017 tc,
875 2954 952 3000 erue
975 2955 1076 3010 turn.
1103 2932 1146 3002 (a
1162 2926 1292 3023 projice
1315 2918 1376 2998 aba

332 3049 376 3107 te.
404 3027 465 3107 Ne
484 3034 580 3106 euim
601 3034 754 3110 diceres:
772 3088 795 3119 ,.
811 3089 832 3123 ‚,
857 3031 963 3129 Quid
981 3026 1151 3129 igitut,fi
1172 3051 1239 3123 pto
1265 3032 1376 3125 inqua

332 3131 397 3209 sit.
415 3131 439 3206 i
460 3130 572 3230 aliqua
598 3133 684 3209 mihi
704 3129 954 3210 necessitudine
981 3128 1203 3223 conjunsia?
1252 3145 1376 3228 ropte·
1538 3146 1542 3153 ’

333 3255 392 3309 rea
416 3232 475 3306 ista
495 3233 693 3316 mandavit,
714 3257 798 3311 cunr
815 3240 939 3331 utique
964 3254 1039 3309 nou
1054 3230 1100 3309 de
1125 3234 1373 3305 membrorum

334 3332 556 3409 disturbando
575 3354 754 3429 compage
774 3330 933 3421 disseram
950 3334 1045 3408 absit
1075 3328 1259 3425 Nusquam
1277 3330 1375 3405 enim

334 3435 447 3509 carnis
465 3435 599 3507 crimen
622 3431 734 3510 adesse
756 3437 937 3516 enuntiat,
958 3432 1014 3506 sed
1036 3434 1161 3529 utique
1176 3427 1308 3504 malum
1321 3447 1379 3503 ar-

333 3535 415 3631 guit
436 3532 637 3607 uoluntatis.
654 3580 685 3603 ·.
711 3531 865 3627 Quodsi
886 3533 1051 3607 membris
1066 3531 1125 3607 ista
1146 3527 1183 3605 lo
1213 3540 1373 3612 uetetur.

335 3653 562 3729 nequaquam
588 3633 643 3707 rel
666 3635 711 3709 de
736 3656 840 3711 uno,
864 3635 918 3707 vel
945 3633 990 3706 de
1010 3632 1140 3706 dextro
1172 3550 1210 3704 id
1235 3624 1376 3712 oculo,

335 3733 393 3810 sed
407 3727 646 3807 indifferenter
665 3738 709 3807 de
728 3748 896 3829 utroque·
923 3730 998 3826 Qui
1018 3734 1113 3807 enim
1132 3726 1263 3802 dextro
1280 3725 1378 3800 scan-

337 3834 509 3910 dalizatur
541 3833 673 3917 oculo,
690 3832 785 3911 haud
810 3833 959 3911 dubium
982 3832 1067 3927 quin
1092 3825 1242 3921 idipsum
1268 3827 1376 3900 etiam

338 3938 490 4032 patietur
519 3931 563 4005 de
587 3932 733 4009 sinistro·
772 3931 892 4026 Quam
916 3935 1023 4027 igitur
1040 3929 1094 4009 ¹ob
1125 3925 1261 4004 causam
1287 3923 1377 3999 dear-

339 4051 436 4112 trum
461 4028 599 4128 posuit,
618 4035 654 4108 &
672 4055 817 4110 manum
836 4030 988 4127 adjecit?
1004 4027 1053 4106 Ut
1065 4027 1194 4106 scilicet
1208 4021 1374 4111 disceres.

338 4155 415 4211 non
437 4130 482 4205 de
507 4134 672 4208 membris
688 4131 755 4209 esse
776 4133 998 4209 sermonem,
1017 4129 1073 4206 sed
1094 4130 1139 4205 de
1159 4125 1213 4202 hit
1231 4125 1374 4229 potius,

339 4235 402 4329 qui
426 4233 528 4305 nobis
554 4232 782 4309 familiaritate
810 4236 1022 4331 junguntur·
1051 4225 1094 4305 Et
1122 4228 1146 4304 st
1176 4227 1283 4320 igitur
1298 4236 1376 4298 tan·

340 4348 421 4410 tuna
441 4331 593 4427 aliquem
614 4332 757 4429 diligas,
778 4348 880 4410 uteo
905 4330 1021 4405 dextri
1043 4329 1140 4404 oculi
1157 4326 1263 4401 utatis
1277 4324 1379 4414 νῆσος

340 4449 404 4510 aut
422 4437 470 4507 ita
484 4435 545 4508 tibi
565 4437 769 4532 quempiam
789 4427 855 4508 esse
866 4430 990 4508 utilem
1004 4445 1124 4523 putes,
1137 4441 1178 4505 ut
1194 4444 1276 4500 eum
1290 4421 1381 4495 derr-

340 4548 424 4612 tere
448 4555 572 4612 manua
596 4535 704 4612 ducas
735 4531 848 4708 locri,
880 4532 916 4606 da
945 4529 984 4604 hi
1013 4543 1132 4606 tamen
1161 4527 1286 4699 aalma?
1308 4534 1381 4611 tue

848 4630 859 4705 i
883 4648 909 4708 a
1277 4641 1336 4700 or·
