3800 5417
531 594 626 670 „aaz
710 566 869 669 Theoi.
892 572 1010 685 nog.
1038 562 1253 664 autom.
1279 566 1360 662 Lib
1390 566 1472 663 111.

540 748 732 847 pleraque.
759 761 800 826 ut
828 746 851 821 fi
873 747 975 824 usum
998 758 1202 824 commutes
1230 742 1445 843 utriusque.
1471 740 1596 824 adver.

371 867 379 880 ·
541 846 618 926 sum
638 865 800 925 naturam
822 844 884 931 fit,
900 846 1067 944 priusque
1097 861 1217 922 totum
1241 841 1429 921 hominem
1462 867 1592 938 exuas,

438 951 442 958 '
570 971 651 1026 uam
678 947 1098 1025 membrorumtuotum
1122 943 1309 1021 ministeria
1343 961 1595 1030 convertas...

542 971 657 1149 {iuge
677 1046 792 1132 hanc,
810 1046 847 1123 dt
871 1046 915 1123 da
937 1047 1049 1123 oculo
1074 1050 1263 1130 uirtutem,
1287 1060 1329 1122 ut
1351 1042 1458 1141 poffit
1478 1049 1594 1127 detra.

538 1144 628 1224 here
648 1147 781 1224 sensum
801 1149 931 1243 capiti,
949 1148 1110 1223 auditum
1127 1147 1291 1248 auribus,
1316 1155 1427 1222 menti
1451 1148 1593 1243 cogita.

537 1249 678 1334 tiones,
698 1246 894 1325 odoratum
911 1245 1076 1324 naribus,
1096 1248 1152 1322 oti
1168 1243 1351 1343 saporem,
1367 1248 1403 1321 de
1422 1243 1485 1322 fibi
1497 1271 1594 1326 con.

535 1347 646 1435 ferat,
675 1370 797 1425 nonne
814 1369 964 1423 omnem
985 1347 1111 1423 statum
1138 1342 1301 1422 diffolvet
1324 1345 1489 1423 naturai
1516 1345 1594 1424 Uu.

534 1446 580 1524 de
600 1447 748 1543 pulchre
771 1446 965 1543 Apostolus
982 1448 1032 1523 ait
1054 1445 1115 1522 §Si
1134 1460 1256 1523 tutum
1286 1465 1419 1544 corpus
1437 1446 1589 1537 oculus,

328 1525 362 1591 ⁸·
382 1518 452 1588 ⁰⁰¹·
469 1536 515 1587 ¹¹·
535 1550 595 1625 ubi
611 1544 777 1625 auditus?
797 1549 834 1624 Si
855 1561 975 1622 totum
997 1545 1163 1633 auditus,
1181 1549 1243 1622 ubi
1270 1545 1477 1623 odoratus?
1496 1543 1593 1625 Om-

532 1667 595 1724 nes
615 1669 706 1745 ergo
730 1668 844 1724 unum
869 1668 1002 1745 corpus
1027 1646 1166 1729 sumus,
1189 1646 1226 1720 δι
1249 1645 1382 1741 diuersa
1402 1652 1587 1736 membra,

531 1746 590 1823 sed
605 1748 726 1823 omnia
748 1749 894 1843 corpori
909 1740 1105 1825 neceffatia.
1132 1744 1220 1823 Nou
1237 1750 1333 1823 enim
1348 1747 1466 1844 potest
1477 1770 1592 1825 mem·

530 1847 637 1924 baum
670 1848 838 1922 membro
875 1846 1016 1932 dicere,
1045 1869 1121 1921 nou
1148 1870 1186 1921 ee
1222 1846 1309 1921 mihi
1346 1843 1591 1924 neceffarium.

531 1945 635 2039 Quin
660 1948 767 2023 etiam
789 1944 882 2042 ipsa,
906 1965 987 2043 quae
1016 1945 1180 2022 videntur
1207 1945 1402 2022 infirmiora
1426 1951 1589 2029 membra

528 2044 622 2133 eise,
643 2044 763 2122 multo
784 2048 895 2141 magis
920 2040 1105 2120 neceiiaria
1130 2045 1231 2128 sunt,
1256 2048 1292 2120 de
1315 2048 1490 2143 majorem
1513 2048 1589 2146 pie·

526 2161 686 2246 tumque
701 2143 825 2223 tuendi
838 2145 871 2219 ie
899 2146 1087 2239 requirunt
1100 2144 1372 2223 solicitudinem·
1397 2143 1444 2224 Et
1461 2145 1589 2244 fiquid

524 2244 628 2324 dolet
639 2246 841 2321 membrum
855 2264 988 2330 unum,
1008 2249 1278 2341 compatiuntur
1290 2250 1322 2321 ei
1334 2249 1494 2324 membra
1503 2263 1588 2326 om·

521 2348 599 2424 uia.
625 2340 742 2423 'Unde
767 2366 875 2443 quam
903 2365 1012 2439 graue
1031 2342 1101 2429 est,
1126 2364 1166 2420 ut
1200 2343 1426 2422 detrahamus
1450 2345 1586 2447 aliquid

526 2448 583 2532 ei,
601 2448 662 2525 cui
683 2467 751 2521 noe
776 2447 937 2547 compati
954 2468 979 2520 o
1006 2457 1103 2521 ottet
1124 2443 1141 2519 i
1160 2443 1198 2519 δι’
1218 2447 1278 2521 cui
1299 2445 1471 2523 debemus
1493 2470 1587 2528 cou-

525 2542 676 2624 fortium
699 2541 901 2622 ministerii.
922 2546 955 2621 ai
976 2467 1117 2628 gaudi,
1138 2544 1175 2619 de
1195 2567 1304 2621 noxae
1335 2542 1470 2623 [immi
1492 2544 1584 2626 Hac

523 2648 653 2747 utique
673 2643 732 2721 iex
756 2660 890 2722 naturae
914 2644 1080 2743 est,quae
1100 2666 1168 2744 nus
1201 2644 1245 2720 ad
1273 2666 1421 2721 omnem
1442 2645 1582 2747 stringit

526 2742 785 2822 humanitatem
809 2762 879 2828 ‚ut
902 2743 990 2821 aiter
1015 2743 1113 2821 aiteti
1135 2758 1306 2843 tanquam
1339 2747 1443 2823 uniua
1465 2763 1582 2843 parte·

527 2848 693 2939 coruom
706 2846 859 2923 invicem
877 2842 1098 2931 deferamua3
1115 2868 1183 2920 nec
1202 2841 1462 2922 detrahendum
1475 2843 1582 2945 quid·

298 2916 509 3063 3⁹32}ss
529 2963 638 3040 quam
659 2957 856 3039 putemus,
882 2967 968 3022 cum
990 2958 1117 3020 contra
1138 2962 1271 3021 naturae
1300 2943 1416 3042 legem
1438 2944 1481 3022 fit
1501 2969 1581 3028 non

250 3127 252 3140 Ι
316 3016 475 3153 {mma
527 3042 656 3140 juvare.
686 3043 745 3120 Sic
761 3048 859 3119 enim
881 3045 1081 3130 nascimur,
1106 3061 1148 3121 ut
1166 3043 1391 3134 consentiant
1416 3048 1579 3127 membre

318 3168 403 3242 mum
422 3170 485 3214 uon
526 3144 719 3225 membris,
740 3142 778 3217 δι
804 3144 1074 3238 aiterum-alteri
1095 3141 1297 3228 adhaereat,
1322 3144 1358 3219 &
1380 3144 1581 3243 obsequan-

315 3243 427 3304 ’ΜΝ
526 3259 585 3319 tut
604 3242 665 3320 fibi
679 3260 810 3316 mutuo
832 3242 1036 3318 ministerio·
1062 3240 1177 3333 Quod
1201 3239 1359 3320 dunum
1383 3242 1471 3323 defit
1494 3241 1579 3325 offi-

523 3344 583 3422 eio
605 3341 689 3428 suo,
703 3337 943 3436 impediantur
967 3341 1004 3416 ἃ
1027 3358 1175 3428 cetetaa
1195 3357 1236 3419 ut
1253 3341 1278 3418 fi
1298 3360 1399 3421 eruat
1423 3345 1576 3427 oculum

521 3464 674 3528 manue,
703 3461 826 3516 nonne
848 3437 908 3516 fibi
924 3440 1106 3539 operiesai
1130 3439 1230 3518 usum
1263 3444 1433 3540 negavit?
1452 3444 1489 3522 Si
1512 3468 1579 3544 pes

520 3540 607 3617 dem
641 3539 830 3627 vulneret,
853 3560 1073 3639 quantorum
1098 3539 1160 3618 fibi
1195 3540 1338 3621 atinum
1369 3544 1574 3639 profectum

519 3639 715 3717 inviderit?
741 3638 783 3718 Et
801 3657 940 3739 quanto
966 3645 1109 3740 gravius
1134 3638 1185 3719 est
1213 3657 1333 3720 totum
1357 3640 1580 3735 homiuem·

517 3763 627 3837 quam
644 3763 758 3819 unum
771 3742 974 3819 membrum
992 3737 1285 3841 dettahiiJamfi
1308 3747 1343 3820 in
1360 3768 1436 3820 uno
1456 3753 1574 3824 mem·

371 3874 379 3895 ·
515 3836 586 3919 bro
607 3856 728 3918 totum
762 3858 895 3938 corpus
916 3841 1092 3929 violatur,
1111 3847 1235 3940 utique
1257 3845 1293 3919 iu
1318 3866 1393 3920 uno
1417 3843 1570 3924 homine

333 3959 337 3967 ·
513 3943 730 4019 cummunio
751 3943 863 4018 totius
885 3938 1113 4019 humanitatis
1132 3940 1301 4027 solvitur,
1327 3943 1481 4024 violatur
1506 3970 1573 4026 na.

514 4056 594 4119 tura
616 4042 757 4139 generis
784 4039 955 4127 humani,
980 4042 1018 4117 da
1038 4039 1073 4117 S.
1108 4038 1269 4117 uectem
1292 4039 1570 4143 congregatio,

355 4176 364 4187 ·
513 4164 596 4239 quae
618 4144 656 4217 iu
678 4162 792 4219 unum
804 4160 1015 4218 connexum
1034 4160 1189 4239 corpus,
1209 4157 1317 4236 atque
1335 4142 1568 4242 compedium

460 4272 465 4283 ·
512 4244 651 4317 unitate
669 4238 774 4327 fidei,
797 4240 834 4315 de
853 4239 1030 4317 charitatis
1047 4237 1205 4336 affurgit.
1237 4238 1395 4320 Christus
1416 4266 1568 4344 quoque

511 4335 724 4418 Dominus,
752 4340 814 4439 qui
840 4361 908 4437 pto
931 4337 1099 4417 universe
1124 4358 1289 4419 mortum
1311 4346 1362 4420 est
1392 4393 1401 4420 ‚
1426 4365 1566 4423 merce·

511 4436 599 4515 dem
628 4439 804 4538 sanguinis
828 4437 877 4518 sui
908 4457 1114 4518 evacuatam
1140 4441 1287 4519 dolebit.
1333 4442 1434 4537 Quid
1460 4439 1563 4543 quod

514 4540 623 4619 etiam
663 4539 735 4643 ipsa
766 4538 828 4619 lex
862 4538 1016 4640 Domini
1054 4540 1148 4624 hunc
1178 4542 1334 4625 formam
1370 4544 1563 4721 “⁰2⁹3ng
