3800 5417
551 559 623 652 De
655 519 843 652 Peccatis
875 556 1143 699 capitalibus]¹
1288 560 1380 677 49?

328 734 410 815 Rex
439 729 648 813 crudelitate
676 734 857 828 tyrannica
874 732 999 811 leviat
1022 733 1127 814 Aliud
1147 733 1198 813 est
1217 757 1376 834 namquo

325 836 451 932 injusta
462 835 635 929 potestate
652 834 841 928 jullevelle
854 838 905 910 uti
922 836 984 915 ,ἃ
1004 837 1158 913 aliudell
1167 837 1255 930 justa
1269 854 1374 934 pote-

326 936 413 1013 state
425 935 551 1028 injuste
562 936 623 1009 uti·
641 931 692 1009 lta
711 954 777 1007 nec
793 936 1061 1011 concubinaead
1082 951 1223 1031 tempus
1236 937 1374 1027 adbibi-

326 1054 372 1112 tae
386 1034 438 1121 ,li
458 1033 614 1108 liliorum
631 1031 730 1109 causa
748 1035 981 1119 incumbant,
997 1035 1126 1128 justum
1136 1035 1270 1113 iaciunt
1281 1059 1374 1114 con·

325 1132 535 1227 cubin'aturn
558 1132 762 1224 luum3nec
775 1135 1002 1228 conjugare,
1026 1132 1154 1212 sicum
1174 1137 1308 1212 maritir
1321 1135 1372 1215 la.
1524 1158 1529 1175 ·
1650 1150 1654 1159 ·

324 1234 492 1318 sciviant,
522 1235 668 1319 nuptiali
687 1232 805 1307 ordini
824 1237 960 1307 crimen
982 1236 1179 1329 imponunt
1203 1282 1271 1326 „„.

378 1342 410 1416 S,
426 1336 493 1404 Leo
505 1329 611 1429 Epist.
625 1349 659 1403 2.
671 1331 751 1406 alias
762 1344 823 1421 92.
849 1331 893 1407 ad
911 1329 1078 1408 Rudicum
1100 1333 1374 1414 Narbonensem

318 1429 539 1530 'Episcopum
554 1491 561 1511 .
576 1429 794 1530 inqnifitioni
811 1446 965 1527 quarta,
978 1436 1135 1529 quintae,
1157 1434 1193 1508 δι
1205 1435 1311 1511 sexte
1330 1435 1372 1511 il·

323 1534 391 1612 lius
425 1532 669 1629 respondensr
697 1587 753 1621 „„
777 1530 864 1607 Non
897 1537 1016 1610 omnis
1048 1532 1204 1618 mulier(
1228 1531 1373 1628 inquit)

304 1633 442 1725 lunda
459 1636 537 1709 viro
550 1685 560 1715 ,
573 1654 667 1709 uxor
688 1632 738 1707 est
760 1633 823 1707 viri
837 1686 847 1715 ,
862 1635 944 1725 qula
967 1656 1035 1711 nec
1056 1637 1176 1709 omnis
1198 1632 1372 1733 iiliuslrae·

324 1758 378 1810 res
397 1735 446 1810 eli
468 1736 587 1830 patris·
614 1730 830 1828 Nuptiarum
855 1748 976 1808 autern
1005 1731 1141 1809 foedera
1159 1737 1250 1810 inter
1269 1737 1372 1831 inge-

322 1856 417 1913 nuos
442 1833 520 1909 sunt
536 1829 720 1928 legitima,
747 1832 895 1907 &inter
918 1833 1069 1931 aequales
1093 1880 1112 1911 .·
1131 1833 1249 1911 multo
1272 1837 1368 1932 prius

323 1935 399 2011 hoc
423 1934 535 2027 ipl'um
558 1931 725 2008 Domino
751 1924 1009 2018 conililuente‚
1028 1956 1136 2028 quam
1152 1936 1293 2011 initium
1308 1958 1372 2012 ro·

323 2039 419 2112 mani
439 2021 705 2132 jurirexisteret'·
729 2029 853 2127 ltaque
876 2031 969 2106 aliud
985 2033 1034 2108 est
1048 2034 1370 2111 uxorraliudcuu·
1474 2057 1477 2062 ·

323 2136 476 2227 cubina3
494 2130 582 2208 sieut
594 2132 687 2208 aliud
702 2132 848 2216 ancilla,
865 2130 956 2206 aliud
970 2130 1128 2208 libera..-
1156 2131 1262 2210 Unde
1280 2156 1367 2219 cum

323 2224 476 2309 socie'tas-
504 2237 709 2328 nuptiarum
730 2233 778 2307 ita
804 2231 848 2305 ab
883 2233 986 2306 initio
1017 2232 1210 2310 constituta
1246 2231 1309 2317 stt,
1327 2247 1368 2312 ut

323 2350 451 2430 prater
475 2331 622 2407 sexuum
648 2330 940 2421 conlundionem
958 2330 1101 2409 haberet
1114 2334 1151 2407 in
1169 2333 1202 2407 se
1217 2331 1368 2418 Christi,
1521 2370 1525 2378 =

323 2435 363 2508 &
391 2428 552 2508 Ecclesiae
578 2428 876 2521 Sacramentum
905 2429 1056 2508 dubium
1079 2454 1158 2508 non
1185 2435 1262 2516 est,
1286 2455 1366 2511 eam

322 2531 508 2608 mulierem
538 2552 612 2606 non
637 2535 813 2625 pertinere
834 2528 879 2606 ad
909 2535 1205 2616 matrimonium,
1231 2535 1268 2607 in
1295 2554 1367 2628 qua

322 2632 477 2709 docetur
500 2629 656 2728 nuptiale
671 2654 747 2705 non
768 2628 866 2709 inille
879 2631 1095 2730 mysterium·
1119 2627 1232 2729 Igitur
1248 2634 1369 2725 cuiue·

320 2732 408 2807 libet
432 2732 502 2807 loci
517 2729 696 2813 Clericus,
710 2729 733 2805 si
747 2728 960 2806 liliamluam
978 2735 1053 2807 viro
1067 2731 1213 2808 habenti
1230 2753 1368 2831 concu-

322 2834 444 2910 binam
470 2834 507 2906 in
539 2832 807 2907 matrimonium
835 2830 1000 2912 dederit,
1024 2855 1099 2906 non
1131 2833 1383 2929 itaaccipienu'

321 2932 490 3016 dumest,
511 2930 605 3026 quasi
619 2952 696 3005 eam
713 2932 911 3026 conjugato
931 2929 1088 3013 dederit,
1102 2930 1164 3006 oili
1189 2930 1281 3008 forte
1307 2931 1367 3010 illa

324 3034 450 3107 mulier
466 3032 524 3114 ,dc
544 3035 698 3128 ingenua
721 3029 825 3116 latia,
844 3033 879 3105 ἀ
899 3030 1021 3108 dotata
1040 3032 1220 3128 legitime,
1246 3032 1368 3128 &pu·
1504 3032 1506 3037 ’

323 3131 423 3207 blicis
444 3133 573 3227 nuptiis
592 3131 772 3207 honestata
803 3132 1015 3208 videatur...
1045 3129 1196 3208 Paterno
1221 3132 1368 3213 arbitrio

323 3234 406 3305 viris
424 3230 586 3322 injunctae
603 3244 725 3307 carent
740 3229 862 3324 culpa,
880 3228 906 3306 st
930 3230 1093 3307 mulieres
1111 3274 1122 3308 2
1145 3254 1225 3329 quae
1247 3255 1266 3306 a
1285 3233 1368 3306 virir

322 3328 541 3407 habebantur
555 3386 566 3416 ,
580 3334 616 3405 in
632 3333 860 3406 matrimonio
880 3354 956 3406 non
983 3331 1145 3416 fuerunt,
1163 3334 1248 3425 quia
1271 3329 1368 3406 aliud

322 3430 374 3505 est
391 3449 500 3528 nupta
513 3480 522 3504 2
536 3432 630 3507 aliud
650 3432 863 3506 concubina.
877 3475 906 3499 ··
935 3430 1109 3506 Ancillam
1128 3454 1149 3506 a
1171 3431 1282 3506 thoro
1304 3433 1369 3506 ab·

322 3531 456 3623 jicere‚
478 3530 515 3604 &
540 3553 692 3607 uxorem
712 3548 817 3605 certae
841 3533 1067 3624 ingenuitatis
1090 3533 1272 3624 accipere,
1288 3532 1367 3607 non

321 3630 518 3727 duplicatio
540 3628 794 3725 conjugii,sed
817 3629 994 3722 protectus
1017 3631 1066 3704 est
1089 3628 1279 3707 honestatis
1292 3684 1315 3722 „
1326 3683 1363 3722 ,μ

615 3757 935 3839 REGULA
987 3758 1065 3840 Vl.

322 3896 467 3978 Absolvi
503 3898 794 3977 sacramentaliter
822 3923 904 3976 non
934 3896 1040 3975 debet
1062 3896 1369 3980 concubinarius,

371 3999 434 4075 nist
450 4003 689 4076 concubinam
702 4000 868 4076 dimiserit
883 4056 892 4083 ,
908 3998 1124 4095 firmumque
1134 3997 1178 4072 ad
1198 4021 1274 4074 eam
1290 4018 1368 4073 non

372 4100 543 4176 redeundi
572 4100 798 4199 propositum
828 4099 999 4175 habuerit·
1052 4098 1223 4189 ldemque
1254 4097 1369 4175 feren·

370 4198 458 4277 dum
479 4200 650 4293 judicium
672 4200 722 4275 est
753 4200 798 4276 de
816 4203 1018 4283 omnibus,
1048 4201 1108 4299 qui
1140 4204 1176 4273 in
1200 4199 1369 4294 proxima

370 4301 541 4394 peccandi
565 4299 751 4376 occafione
774 4305 974 4390 certantum
991 4296 1067 4391 ipsis
1085 4298 1213 4377 scilicet
1234 4320 1370 4390 negan-

371 4397 416 4472 da
456 4400 504 4473 est
532 4400 742 4484 absolutio,
777 4398 839 4474 nili
872 4400 916 4473 ab
943 4397 1144 4492 hujusmodl
1181 4395 1370 4475 occasione

373 4497 503 4594 reipsa,
528 4504 563 4577 dc
589 4522 634 4576 ex
657 4501 777 4577 animo
800 4495 1011 4574 recellerint·

322 4623 420 4704 Tora·
446 4631 478 4708 V
491 4633 554 4707 ΙΙ.
851 4627 867 4705 l
891 4632 918 4706 i·
1235 4625 1325 4705 Peo-
