3800 5417
549 579 635 687 ⁶34
728 563 1483 685 The01‚uog.&1l10ral.Lu·111.
1571 565 1573 582 '

547 740 1038 923 blilbbabllrti
1059 739 1615 959 iiiiiai‘iiabhb'ffii'a

548 946 615 1046 iuli
636 945 723 1023 nihil
751 945 898 1050 profuit·
936 940 1011 1020 Dic
1034 949 1131 1026 enim
1158 944 1269 1031 milri,
1294 939 1512 1037 Publicauue
1534 975 1613 1048 noa

548 1064 626 1128 erat
656 1046 948 1129 Publicanum&
983 1041 1183 1141 peccatori
1210 1043 1353 1143 Cuique
1384 1065 1526 1139 certum
1563 1058 1614 1144 est

549 1148 655 1250 quod
678 1146 886 1226 Publicanos
905 1161 1000 1232 erat.
1023 1144 1081 1221 led
1103 1147 1277 1243 quoniam
1297 1144 1414 1240 ipsum
1431 1170 1612 1249 vitupera.

549 1254 605 1329 'vit
624 1246 838 1325 Pharisaeus.
868 1249 955 1327 abiit
982 1247 1152 1328 omnibus
1177 1242 1361 1334 amillio...
1413 1245 1611 1354 fugiamm

549 1352 686 1450 igitur,
706 1349 844 1434 diocli,
863 1345 1042 1446 fugiamus
1069 1347 1336 1432 detractionem·
1358 1347 1460 1440 dolii
1474 1356 1492 1431 .’
1507 1359 1609 1452 quod

548 1452 602 1528 ‘est
621 1464 743 1527 totum
766 1448 957 1528 satanicum
979 1447 1183 1533 barathrum
1198 1447 1402 1535 inlidiarum
1423 1455 1504 1556 eim
1531 1459 1607 1551 baec

547 1548 697 1635 inseliro·
724 1548 776 1644 Ut
795 1552 891 1628 enim
915 1548 1051 1632 nostras
1075 1548 1298 1649 negligamus
1318 1600 1330 1634 .
1355 1553 1392 1632 da
1419 1565 1605 1650 graviores

546 1652 655 1731 uobis
685 1666 802 1729 reatm
822 1650 1104 1735 constituamus,
1125 1655 1161 1725 in
1186 1651 1282 1731 banc
1304 1669 1373 1735 uos
1408 1655 1607 1738 consuetu.

546 1750 982 1850 dinemdiabolusduait3
996 1754 1072 1835 imo
1091 1773 1177 1828 vero
1195 1769 1273 1827 uon
1292 1749 1407 1838 lolum
1422 1754 1514 1845 inest
1525 1758 1600 1849 boe

544 1852 706 1940 malum,
725 1853 827 1956 quod
844 1865 934 1930 tunc
952 1856 1128 1930 rationem
1149 1851 1311 1934 dabimus
1334 1865 1466 1942 eorum
1485 1902 1497 1937 2
1520 1882 1599 1954 que¹

542 1954 702 2031 diximus
718 2008 730 2039 ,
749 1953 806 2030 sed
834 1954 966 2036 etiam,
990 1951 1092 2059 quod
1122 1966 1268 2060 peccata
1290 1951 1409 2036 nostra
1442 1954 1492 2042 lle
1519 1981 1601 2060 gra.

539 2053 642 2129 viora
659 2053 848 2141 faciemus,
861 2055 962 2134 omni
982 2076 1051 2141 uos
1072 2052 1299 2133 excusatione
1316 2058 1511 2149 privantes.
1528 2066 1598 2150 Ac·

357 2213 365 2224 ·
534 2150 1599 2362 ababliludibilisirrbrilbu·

355 2293 370 2312 ⁰·
1190 2300 1245 2340 ’el
1276 2335 1295 2345 ,,
1442 2340 1444 2345 ,
1580 2307 1596 2331 ⁸

534 2363 596 2444 tur
614 2375 764 2431 omnem
786 2376 833 2432 ex
855 2376 919 2432 ore
946 2356 1070 2431 nostro
1096 2354 1385 2449 detractorem,
1419 2356 1592 2460 scienta,

427 2485 432 2495 ·
533 2455 638 2551 quod
662 2453 725 2531 etia
749 2460 905 2543 cinerem
929 2455 1186 2542 comedamus,
1205 2453 1301 2535 nulla
1326 2457 1435 2533 nobis
1461 2460 1590 2558 aspera

531 2555 614 2635 vitae
637 2553 742 2653 hujus
769 2555 898 2642 utilitas
925 2555 1114 2653 proderita
1152 2554 1214 2633 nili
1246 2578 1268 2634 a
1288 2551 1510 2643 detraliione
1529 2562 1593 2651 ab·

368 2615 500 2706 ’Μ’
530 2654 740 2733 stinearnus:
764 2656 852 2735 Non
877 2659 971 2732 enim
994 2658 1237 2754 quaeiorrant,
1263 2656 1503 2760 coinquinant
1521 2659 1591 2742 bo·

532 2758 698 2844 minem,
719 2755 776 2833 led
798 2780 879 2855 qua
900 2775 1034 2850 exeunt
1053 2779 1100 2832 ear
1122 2779 1186 2832 ore
1208 2812 1230 2848 „
1245 2809 1281 2847 „.

532 2861 536 2868 ·
584 2858 631 2927 Ee
644 2861 746 2928 Hom.
760 2876 821 2950 43.
833 2860 867 2926 in
880 2860 1009 2927 Maera.
1024 2912 1045 2948 „
1058 2913 1080 2949 ‚‚
1100 2854 1310 2947 Diabolicur
1324 2855 1496 2949 certebr’c
1513 2882 1588 2950 ma.

528 2952 708 3036 lediceudi
726 2956 872 3054 laqueus
899 2957 976 3043 est,
997 2959 1032 3032 dr
1045 2973 1233 3054 peccatum
1258 2957 1394 3041 nullam
1419 2962 1587 3059 voluuta-

527 3069 626 3143 tem,
641 3057 698 3132 sed
718 3057 889 3138 damnum
913 3071 1054 3149 tantum
1071 3056 1296 3147 affereusa&
1322 3081 1498 3156 magnum
1524 3064 1586 3139 de-

525 3152 694 3237 litiorum
712 3179 881 3247 acervum
901 3154 1068 3238 efficiens·
1096 3158 1210 3253 Quod
1238 3154 1361 3266 fiquie
1375 3162 1584 3258 peruicioiu

524 3252 727 3336 honoribus
756 3257 882 3354 plenus
918 3262 1164 3357 aegrotationis
1195 3258 1355 3345 laborem
1391 3283 1471 3337 non
1492 3261 1583 3353 elim

522 3355 752 3451 giet3multo
765 3360 901 3454 magis,
940 3365 975 3437 ui
989 3357 1082 3437 hanc
1095 3361 1195 3436 omni
1209 3355 1355 3450 cholera
1366 3365 1581 3452 amariorem

417 3497 422 3504 -
522 3455 781 3553 malignitatem
797 3461 833 3549 in
847 3382 972 3557 ieipios
984 3461 1160 3540 recondit,
1170 3475 1282 3558 atque
1295 3462 1507 3548 conletrat,
1527 3464 1582 3556 ul·

401 3638 408 3648 ‚
440 3560 443 3565 ‘
521 3558 624 3643 timi,
640 3571 748 3657 atque
763 3561 927 3656 perpetui
947 3559 1133 3651 doloribus
1151 3561 1269 3641 morbi
1288 3559 1463 3639 laborabit
1481 3607 1554 3655 Μ.

320 3642 528 3722 Selacosa&
573 3660 607 3727 S.
621 3660 845 3750 Hieronymus
868 3663 905 3736 in
920 3684 998 3760 cap.
1015 3676 1072 3748 ¹10·
1083 3658 1330 3747 Ecclefiallici:
1344 3716 1400 3754 „,‚
1418 3659 1575 3758 Serpens

315 3719 465 3868 ἓᾟῇῗζῑ
522 3755 743 3852 (inquit)&
768 3757 944 3844 dettaiior
967 3761 1116 3857 aequales
1133 3760 1224 3837 lunt·
1250 3758 1575 3857 Quomodoeoiru

342 3815 361 3889 q
519 3855 579 3932 ille
598 3857 742 3936 occulte
764 3864 934 3939 mordens
954 3884 1131 3938 venenum
1152 3858 1271 3941 inserit
1294 3914 1305 3947 ‚
1325 3858 1372 3937 lic
1391 3862 1455 3944 ille
1480 3864 1574 3954 clam

401 3988 406 4001 ·
515 3955 706 4040 detrahens
723 3962 818 4036 virus
843 3961 995 4059 pedoris
1018 3961 1068 4037 sui
1088 3961 1243 4041 infundit
1266 3965 1302 4036 in
1328 3961 1474 4041 fratrem
1503 4020 1569 4066 Μ.

451 4115 454 4122 .
565 4054 864 4135 lacmameroa.
888 4059 959 4148 five
974 4066 1006 4148 S,
1020 4064 1176 4131 Paulinus
1190 4115 1201 4147 ,
1217 4066 1251 4137 iu
1264 4060 1419 4161 Epistola
1443 4067 1489 4142 ad
1512 4076 1573 4138 ce.

513 4150 675 4241 lantiam,
705 4180 775 4254 qua
794 4160 1091 4241 matremfamilias
1110 4162 1279 4241 instituit:
1297 4218 1316 4254 ‚,
1331 4217 1353 4253 „
1377 4164 1481 4245 Nulli
1504 4190 1571 4262 uu.

516 4277 627 4355 quam
648 4260 801 4334 omnino
819 4260 982 4337 detrahas
1002 4318 1012 4348 ,
1036 4287 1103 4341 nec
1126 4264 1279 4339 aliorum
1303 4269 1569 4361 vituperatione

514 4368 554 4451 te
573 4353 783 4433 laudabilem
806 4358 919 4435 videri
931 4363 1016 4438 velis
1027 4384 1039 4451 ;
1066 4362 1248 4461 magisque
1264 4368 1374 4442 vitam
1390 4382 1490 4462 tuam
1509 4391 1568 4448 ora

515 4457 636 4544 dirrare
647 4453 761 4538 disce,
781 4482 889 4556 quam
906 4462 1054 4537 alienam
1068 4484 1234 4562 carpere3
1260 4486 1301 4538 ac
1319 4471 1457 4561 lemuer
1470 4467 1565 4564 Scri·

514 4560 629 4670 ptura
645 4578 786 4646 memor
808 4559 906 4649 esto,
923 4562 1072 4686 dicentia
1093 4562 1209 4656 {Noli
1230 4563 1379 4672 diligere
1398 4569 1564 4761 death·-

870 4704 877 4718 '
1494 4715 1509 4767 l
