3800 5417
532 509 620 698 ψ
702 573 1460 692 Theol.nog.&lioral.1ib.ltu
1562 504 1568 511 ⁸

473 751 478 758 ’
531 757 637 839 tacit,
653 753 757 838 ideo,
783 776 863 863 que
891 753 999 838 facit,
1022 750 1258 848 improbanda
1281 747 1361 834 lunt
1380 805 1403 842 „
1419 798 1456 842 „.
1483 747 1582 840 Hinc

531 855 594 933 lib.
620 860 673 926 De
685 858 824 940 oraine,
841 877 919 950 cap·
938 876 975 945 4,
999 908 1021 943 ,‚
1036 907 1058 943 „
1088 853 1190 946 Quid
1218 852 1388 934 sordidius
1412 854 1581 952 (inquit)

531 956 620 1055 quid
642 958 777 1032 inanius
798 955 968 1038 decoris,
994 958 1030 1026 dc
1059 951 1285 1045 turpitudinis
1307 951 1443 1049 plenius
1467 975 1582 1032 mere·

530 1057 701 1140 tricibus,
718 1055 928 1141 lenonibus,
955 1053 1157 1147 caeteril'que
1183 1050 1258 1136 hoc
1287 1073 1402 1147 genus
1426 1053 1583 1145 pellibus

531 1153 605 1230 dici
637 1155 752 1248 potest
775 1154 790 1228 l
816 1155 922 1229 Aufer
943 1158 1143 1239 meretrices
1179 1154 1225 1226 de
1259 1157 1362 1225 rebus
1392 1147 1582 1240 humanis.

532 1257 729 1332 turbaveris
748 1258 869 1337 omnia
892 1253 1106 1334 libidinibus.
1135 1248 1323 1334 Constitue
1333 1267 1580 1340 matronarum

479 1369 481 1374 ’
530 1351 647 1434 loco,
673 1354 771 1437 labe,
796 1376 838 1426 ac
862 1352 1040 1427 dedecore
1065 1349 1359 1430 dehonestaveris.
1387 1350 1448 1425 Sic
1471 1353 1581 1449 igitur

530 1449 739 1548 hocgenus
758 1450 948 1536 hominum
970 1474 1033 1545 per
1065 1451 1145 1530 suos
1165 1473 1285 1533 mores
1306 1446 1580 1544 impuriil‘rmum

530 1554 603 1636 vita
620 1598 632 1635 ,
652 1574 716 1658 per
738 1552 873 1636 ordinis
898 1551 996 1648 leges
1020 1552 1233 1632 conditione
1256 1546 1457 1637 vilillimum
1481 1597 1553 1648 „0

686 1830 688 1834 ,
841 1691 1169 1828 nasutis
1201 1736 1269 1822 u,

531 1893 803 1985 concubinatus
820 1900 963 2001 grauius
974 1896 1046 1974 aliis
1058 1894 1355 1986 fornicationibus
1366 1896 1580 1982 crimenesr.
1639 2016 1643 2034 ἡ

394 2115 396 2120 .
534 2053 716 2218 Statum
743 2053 917 2139 enim,&
948 2053 1238 2150 perseverantiam
1270 2057 1308 2131 in
1335 2054 1580 2138 fornicatione

617 2151 714 2237 addit
728 2153 790 2236 ,δι
809 2151 904 2250 quali
932 2159 1098 2243 uxoriam
1117 2177 1203 2236 cum
1220 2154 1406 2238 fornicaria
1434 2156 1580 2244 mulier·

531 2253 636 2338 cula,
654 2275 762 2349 quarn
775 2254 876 2329 domi
897 2256 1026 2339 retinet
1046 2308 1057 2341 ,
1077 2254 1135 2331 vel
1162 2255 1207 2332 ad
1233 2277 1342 2355 qoam
1360 2254 1450 2333 ioris
1477 2257 1580 2338 laabi-

529 2366 666 2431 tantem
693 2353 912 2449 frequentius
944 2353 1018 2431 adit
1041 2397 1052 2432 2
1075 2353 1381 2441 consuetudinem·
1408 2353 1579 2462 Quamo-

528 2454 631 2532 brem
653 2474 731 2530 nou
746 2454 861 2535 l'olom
881 2453 1160 2539 fornicationum
1189 2455 1385 2537 aliarumve
1402 2455 1577 2539 ool'eaeni·

525 2567 642 2632 tatum
666 2574 750 2633 com
769 2554 971 2629 concubina
993 2552 1508 2642 commillaruor‚numerusin
1525 2555 1577 2635 sa·

525 2651 731 2734 eramentali
748 2650 976 2740 Confellione
996 2659 1252 2751 exprimendus
1280 2658 1330 2731 elt
1354 2709 1366 2739 ‚
1387 2676 1513 2739 verum
1534 2656 1574 2734 dt

524 2754 699 2847 temporis
714 2754 937 2829 intervallum
959 2753 1232 2841 declarandum,
1247 2777 1323 2863 quo
1349 2753 1458 2849 ipsam
1476 2754 1573 2853 apud

522 2851 558 2937 le
578 2855 728 2936 detinuit
751 2902 762 2928 ‚
786 2850 841 2932 vet
872 2875 957 2938 cunr
981 2878 1021 2931 ea
1051 2856 1130 2930 alibi
1155 2871 1322 2938 manente
1347 2854 1574 2956 impudicum

521 2949 648 3042 habuit
674 2955 936 3033 commercium
960 2957 1255 3046 concubinarium
1279 2977 1363 3036 cum
1387 2953 1573 3038 veriiimile

506 3050 599 3230 'gon
634 3052 701 3228 suff,
713 3051 749 3128 id
772 3052 902 3160 abique
921 3057 1022 3152 grati
1057 3056 1312 3153 proximorum
1335 3052 1499 3135 i'caudalo
1515 3053 1574 3145 lfa·

557 3177 617 3231 um
646 3177 676 3236 e.
693 3176 724 3229 e·

317 3271 503 3340 dormiana·
568 3251 854 3336 Concubinarios
878 3252 1258 3337 excommunicatione
1280 3249 1572 3362 pledendosssc·

316 3354 501 3437 ateramum·
516 3350 616 3434 clesra
651 3356 808 3428 decrevit
833 3355 870 3427 in
889 3352 1029 3428 Concil.
1058 3348 1440 3436 Vaureulican.117·
1466 3353 1503 3437 dt
1531 3358 1571 3433 in

317 3447 364 3495 ¹¹³⁴
514 3452 686 3543 Concilio
703 3451 918 3538 Tridentino
935 3450 1004 3532 seis.
1022 3467 1083 3547 24
1097 3458 1167 3523 ·De
1180 3448 1429 3542 Reformarinne
1450 3456 1571 3527 matri·

513 3559 637 3632 nonii,
655 3575 733 3648 cap.
749 3547 780 3629 8.
806 3608 863 3645 Μ
886 3551 1005 3641 Grave
1025 3572 1214 3660 peccatum
1232 3553 1281 3630 est
1303 3555 1319 3653 l
1339 3554 1476 3650 inquii)
1498 3550 1569 3638 ho·

514 3659 629 3741 mines
652 3654 787 3734 solutos
814 3654 1032 3733 concubinas
1053 3651 1182 3738 habere
1206 3676 1217 3736 5
1240 3651 1484 3751 grauissimum
1506 3676 1568 3739 re·

512 3780 559 3835 ro
575 3758 634 3840 ,ἃ
649 3753 801 3849 inhujus
816 3757 934 3849 magni
948 3752 1166 3839 Sacramenti
1178 3750 1388 3853 singularem
1399 3768 1567 3838 contem-

513 3876 620 3958 ptum
630 3852 838 3936 admistum,
852 3868 1023 3938 uxoratos
1034 3874 1182 3950 quoque
1192 3854 1311 3936 inboc
1325 3852 1566 3932 damnationis
1581 3915 1584 3922 .

516 3960 606 4037 statu
624 3958 808 4034 vivereaac
817 3953 945 4030 audere
955 3976 1011 4028 eas
1022 3955 1240 4053 quandoque
1249 3951 1350 4028 domi
1360 3954 1468 4036 etiam
1478 3976 1564 4037 com

515 4059 692 4136 uxoribus
713 4054 1042 4132 alere‚&retinere·
1067 4049 1191 4143 Quare
1204 4067 1245 4136 ut
1257 4052 1340 4129 huic
1354 4068 1456 4133 tanto
1466 4053 1565 4136 malo

514 4156 550 4234 S.
577 4155 744 4254 Synodus
774 4153 988 4250 opportunis
1006 4152 1169 4227 remediis
1195 4153 1401 4256 provideat,
1417 4152 1563 4240 statuit.

511 4256 717 4354 hujusmodi
728 4255 1000 4338 concubinarios
1018 4267 1113 4330 ‚tam
1130 4252 1264 4331 solutos
1280 4300 1289 4330 ‚
1303 4276 1410 4349 quam
1427 4275 1562 4335 uxora-

513 4371 593 4443 tos,
616 4355 856 4451 cujolcunque
878 4352 985 4430 status
1008 4406 1019 4439 ,
1043 4353 1223 4448 dignitatis
1246 4401 1256 4436 ‚
1279 4353 1315 4427 dr
1337 4351 1559 4434 conditionis
1591 4423 1594 4432 .

512 4458 682 4542 exiliant,
697 4453 741 4534 st.
757 4453 945 4553 postquam
958 4454 1001 4528 ab
1013 4449 1221 4534 Ordinatio,
1231 4454 1334 4535 etiam
1351 4476 1397 4536 err
1410 4449 1555 4548 officio..¹

509 4572 565 4635 ter
582 4558 758 4637 admoniti
783 4578 823 4635 ea
847 4553 893 4632 de
912 4577 951 4631 re
969 4553 1126 4638 fuerint,
1142 4555 1362 4637 concubinas
1386 4562 1472 4630 non¹
1485 4553 1556 4650 eje·-

1371 4657 1512 4738 “sinte
