3800 5417
595 564 666 658 De
686 564 871 658 Peccatis
896 561 1154 684 capitalibmr
1304 560 1388 669 685'

319 735 624 829 titulatarum.
683 734 780 816 Nam
812 737 900 834 lane
930 742 966 817 in
996 737 1192 819 diludionir
1228 735 1385 835 imagine

335 863 420 935 erga
438 841 621 915 inimicum
642 841 782 915 animus
802 837 959 923 fallitur,
985 840 1091 936 seque
1116 838 1215 915 hunc
1236 838 1384 933 diligere

332 941 505 1026 aestimat,
525 938 549 1013 li
567 941 641 1030 ejus
661 941 741 1014 vitae
762 943 959 1016 contrarius
984 963 1060 1017 non
1078 939 1213 1014 existat.
1239 936 1308 1013 Sed
1329 935 1384 1011 di·

333 1039 493 1121 lectionis
505 1041 579 1113 vim
605 1038 772 1124 occulte,
787 1041 823 1114 ἃ
837 1042 1004 1116 veraciter
1016 1094 1029 1125 ,
1042 1057 1103 1115 aur
1118 1034 1295 1136 proleilus
1318 1036 1386 1109 ini·

333 1142 511 1221 menam
533 1135 628 1214 casus
644 1140 841 1245 interrogat
884 1136 962 1215 Hac
981 1145 1113 1216 etenim
1129 1118 1174 1214 de
1195 1158 1235 1210 re
1251 1133 1295 1210 ad
1313 1135 1388 1230 ple-
1545 1168 1550 1177 ·

333 1261 424 1323 num
450 1237 666 1334 semetipsam
688 1260 787 1313 mens
815 1239 1006 1315 hominum
1034 1237 1161 1325 nescit.
1185 1232 1248 1311 nist
1274 1258 1385 1323 eum,

334 1361 444 1437 quem
459 1336 520 1414 fibi
538 1336 769 1415 adversarium
791 1337 927 1424 credit,
944 1343 981 1413 in
1003 1337 1142 1415 deieiiu
1160 1392 1171 1424 ,
1191 1334 1246 1410 rel
1268 1333 1387 1428 nrole·

335 1441 416 1524 tiu,
435 1438 490 1513 vel
506 1433 652 1513 mutalle
672 1436 826 1513 modum
845 1436 895 1515 sui
911 1438 1017 1517 status
1035 1437 1218 1515 invenerit
1237 1431 1274 1511 Si
1290 1439 1391 1514 enim

336 1540 382 1619 de
404 1536 634 1636 prosperitate
650 1533 843 1625 addicitur,
861 1539 899 1614 δι
923 1537 969 1613 de
992 1536 1188 1615 cala-itate
1202 1535 1235 1613 le
1263 1536 1391 1612 odien-

336 1644 381 1717 tis
398 1638 556 1719 laetaturr
576 1635 735 1721 constat,
757 1638 840 1733 quia
860 1655 1065 1714 nonamam
1085 1660 1194 1733 quem
1215 1659 1290 1716 non
1311 1632 1392 1714 vult-

337 1733 405 1832 elle
424 1736 609 1813 meliorem
626 1755 639 1826 ;
659 1758 816 1831 eumque
843 1739 949 1813 etiam
978 1738 1126 1818 stantem
1154 1750 1246 1818 voto
1274 1733 1389 1835 perle-

338 1839 485 1938 quitur,
507 1858 617 1936 quem
640 1832 803 1913 cecidille
824 1836 1066 1935 gratulatur„
1084 1886 1121 1930 „.

604 2021 923 2106 REGULA
972 2024 1132 2108 err.

340 2184 517 2283 Quamvis
547 2180 593 2259 de
612 2182 750 2270 nostra.
779 2186 1089 2281 &proximorum
1108 2185 1248 2263 ratione
1260 2185 1304 2263 ab
1321 2187 1390 2277 iirt'

391 2287 590 2385 quinobir.
609 2284 687 2360 aliis
706 2308 750 2361 ue
780 2297 934 2366 nocent,
953 2286 1009 2362 vel
1029 2308 1160 2361 nouere
1184 2302 1386 2377 conantur,

390 2388 428 2463 δι
459 2387 505 2461 de
522 2383 647 2473 iustitia
711 2384 868 2460 ermalos
894 2386 1075 2481 punientia
1096 2385 1297 2482 legitimum
1323 2386 1387 2472 fit,

389 2484 690 2580 christianumque
714 2484 907 2581 gaudium,
925 2504 1240 2584 nunquamtamen
1254 2485 1297 2560 de
1321 2489 1388 2562 ini.

392 2588 571 2760 micorlum
595 2584 800 2664 nostrorum
819 2585 1044 2671 calamitate,
1060 2583 1116 2661 rel
1138 2588 1282 2663 interitu
1297 2610 1388 2682 gau·

390 2688 474 2763 dere
513 2685 593 2761 ‘cet

343 2846 504 3003 Hanc
521 2863 665 2919 morum
686 2839 846 2937 regulam
860 2839 968 2918 tradit
984 2845 1016 2912 S.
1030 2840 1209 2936 Gregorius
1224 2839 1305 2928 ,liu
1321 2859 1383 2943 aa,

456 2942 659 3029 Moralium,
679 2963 756 3036 cap·
774 2952 811 3017 6.
823 2998 845 3033 ,‚
857 2997 878 3030 ‚‚
896 2939 1138 3019 Necellarium
1155 2945 1203 3018 est
1218 2945 1236 3030 (
1250 2944 1390 3037 inquit)

345 3039 795 3119 subtiliffimaediscrerionir
817 3064 993 3117 examenz
1013 3065 1153 3119 nacunr
1169 3042 1285 3120 nostra
1307 3043 1391 3119 odia

347 3144 577 3241 exequimur,
613 3140 771 3219 fallamur
795 3141 857 3219 sub
875 3143 987 3240 specie
1015 3139 1170 3219 utilitatis
1199 3144 1328 3219 alienae·
1353 3142 1391 3218 Si

347 3244 443 3316 eninr
459 3242 503 3317 de
519 3245 652 3316 inimici
678 3264 796 3319 morte
822 3241 1054 3340 gaudendum
1083 3245 1237 3319 omnino
1251 3266 1325 3320 non
1340 3240 1390 3318 es·
1412 3264 1417 3277 ·

345 3339 414 3428 iet,
429 3339 599 3417 psalmista
614 3365 689 3417 non
703 3342 834 3418 diceret
849 3364 859 3421 ξ
885 3339 1064 3412 Laetabitur
1071 3340 1199 3432 julius,
1216 3346 1390 3413 cumvide.
1408 3358 1509 3436 pram,
1527 3376 1573 3438 57,

346 3442 393 3511 rit
414 3439 598 3511 ainaiiiam
619 3448 802 3534 impiorum.
830 3442 898 3516 Sed
921 3442 1014 3517 aliud
1041 3444 1089 3517 eli
1105 3445 1254 3535 impium
1271 3501 1279 3532 ,
1296 3441 1391 3520 aliud

346 3564 436 3623 reru
453 3543 636 3618 inimicum
659 3545 808 3640 perpeti.
835 3540 928 3617 Nam
953 3540 1031 3617 sunt
1057 3544 1215 3636 plerique
1231 3544 1390 3637 inimici.
1492 3608 1499 3615 .

347 3646 502 3740 quinon
519 3641 598 3718 sunt
614 3644 715 3736 impii
729 3664 741 3725 3
757 3644 793 3719 dr
809 3639 887 3717 lunt
907 3642 1070 3718 nonnulli
1094 3643 1214 3737 impii,
1237 3646 1299 3737 qui
1323 3666 1391 3719 nu·

347 3743 401 3816 bis
420 3740 610 3831 inetuliter
631 3765 708 3817 non
732 3745 894 3836 videntur
914 3743 1060 3816 inimici.
1088 3739 1254 3818 Humana
1270 3758 1391 3821 autem

333 3852 450 3917 'mens
475 3865 643 3928 omnem,
669 3865 778 3942 quem
805 3841 988 3916 inimicum
1012 3842 1162 3922 tolerat,
1191 3841 1297 3915 etiam
1323 3843 1391 3918 im.

349 3940 699 4038 nium,&iniquum
717 3958 817 4036 putat
839 3960 852 4026 ;
875 3943 957 4036 quia
984 3941 1058 4033 ejus
1079 3941 1182 4035 culpa
1206 3941 1301 4033 apud
1326 3964 1392 4017 co-

348 4042 562 4135 gitationem
582 4043 676 4118 luam
691 4042 783 4119 livor
796 4040 988 4117 accusator·
1002 4054 1205 4138 exaggerat·
1232 4034 1412 4131 Quibun'

349 4137 436 4214 libet
458 4161 546 4215 vero
574 4139 715 4236 flagitiis
737 4157 915 4234 prematur
934 4196 944 4224 ,
970 4144 1085 4217 minus
1118 4143 1258 4238 iniquus
1279 4139 1393 4217 credi·

350 4252 433 4322 tur,
453 4235 704 4319 liadrersarius
716 4245 862 4319 minime
880 4238 1037 4316 sentitur·
1062 4239 1147 4334 Qra
1163 4242 1201 4315 in
1216 4261 1254 4315 re
1268 4237 1395 4314 discer-

352 4335 512 4413 nendum
527 4339 576 4414 est
588 4393 598 4423 .
612 4340 707 4418 aliud
729 4338 927 4437 elle‚qu0d
944 4343 1048 4417 nobis
1060 4395 1069 4424 ,
1081 4338 1176 4417 aliud
1193 4360 1280 4414 vero
1292 4335 1394 4430 quod

353 4435 486 4512 libb&
510 4442 643 4514 caeterir
668 4440 785 4515 noster
811 4442 976 4514 inimicus
1003 4456 1120 4517 nocet.
1151 4437 1248 4514 Nam
1274 4434 1298 4510 st
1322 4435 1407 4510 aliis¹

358 4537 477 4613 bonus
492 4537 562 4624 est,
577 4536 648 4619 line
667 4539 785 4619 nostra
803 4537 947 4616 lurfitan
970 4542 1074 4639 culpa
1093 4535 1160 4616 effe
1187 4560 1261 4614 nun
1281 4534 1397 4627 norell
1428 4614 1431 4625 ,

399 4637 495 4722 Tam.
519 4634 554 4717 V
560 4640 583 4709 l
589 4640 621 4712 1.
870 4634 914 4715 X
937 4660 965 4715 x
1281 4656 1348 4710 no-
