3800 5417
432 496 435 502 Ι
527 604 531 610 ·
563 549 633 642 De
663 551 847 645 peccans
868 542 1139 675 capitalibus,
1268 626 1278 655 ί.
1295 566 1381 663 671

329 718 385 799 sut
409 717 479 804 ess.
503 706 638 819 ipflque
667 724 777 805 minas
805 739 944 803 atroces
970 722 1083 818 pasnin
1115 723 1320 800 intentavit.
1342 722 1381 802 in

328 819 560 916 suspicionem
585 823 761 906 incendii,
782 825 836 902 vel
856 827 959 900 caedis
980 819 1253 905 adducendum,
1274 820 1381 917 seque

328 922 373 996 ab
398 928 498 994 omni
521 923 733 1018 suspicione,
751 948 793 1000 ac
817 948 925 1024 poena
951 926 1153 1002 immunem
1178 918 1264 996 sore.
1294 917 1380 996 Sce-

328 1017 381 1098 lus
402 1043 540 1096 revera2
564 1026 664 1118 qood
682 1026 871 1101 meditatus
890 1023 960 1108 esi,
982 1027 1151 1092 Martinus
1167 1021 1379 1115 exequitur;

327 1120 491 1217 publicus
521 1144 673 1209 rumor,
697 1124 826 1201 indicia
847 1122 1102 1208 vehementia,
1133 1118 1234 1197 testes
1262 1124 1379 1208 rixo,

326 1241 370 1298 ec
394 1224 593 1306 minarum.
617 1245 703 1319 ques
727 1221 834 1301 Petro
864 1221 1023 1322 Jacobus
1049 1225 1261 1301 intentavit,
1285 1219 1382 1313 judi·

327 1341 408 1394 cem
433 1340 594 1417 cogunt.
614 1341 653 1398 ut
677 1320 856 1420 Jacobum
876 1325 972 1399 velut
1000 1344 1101 1398 reum
1127 1322 1163 1394 in
1201 1340 1378 1397 carcerem

326 1422 422 1497 mitti
446 1422 641 1511 decernat;
661 1422 776 1520 ipsum
804 1425 920 1502 habita
953 1421 1148 1520 quaestione
1189 1421 1379 1501 tormentis

325 1517 508 1610 subjiciet,
526 1521 740 1618 cogentibus
759 1524 920 1603 indiciis,
944 1519 1158 1694 testibosraoe
1184 1518 1283 1596 main
1313 1539 1378 1593 vo·

325 1616 493 1696 luntatis,
516 1643 625 1719 quam
647 1624 761 1702 verbis
782 1623 979 1701 minacibus
1003 1619 1089 1718 signi
1116 1624 1238 1704 cavit,
1262 1621 1379 1715 capite

325 1717 519 1795 damnabit.
547 1724 715 1793 Martinus
729 1722 904 1806 incendii,
920 1723 975 1799 rel
990 1720 1175 1799 homicidii
1199 1742 1301 1799 verus
1315 1740 1378 1801 ao·

324 1815 425 1901 sior,
448 1817 672 1898 considerans
687 1823 919 1906 innocentem
949 1821 1005 1901 sna
1040 1819 1144 1914 culpa
1162 1840 1256 1899 ,mox
1285 1818 1380 1913 peri:

324 1927 471 1997 turum.
494 1917 645 1996 horrore
666 1921 820 2007 sceieris,
835 1923 981 2002 stimulis
999 1918 1243 2001 conscientiae2
1264 1917 1376 1994 divini

323 2015 446 2111 judicii
467 2035 566 2096 metu
590 2023 789 2117 percussus,
817 2019 1076 2102 confessarium
1106 2016 1179 2096 adit
1199 2063 1208 2087 ι
1233 2018 1276 2094 ad
1302 2019 1378 2119 elus

324 2115 436 2291 geder
455 2119 666 2208 advolutus,
692 2126 827 2200 crimen
841 2121 1055 2199 confitetur,
1077 2113 1296 2197 sodomum,
1321 2115 1380 2194 nes

354 2238 497 2294 orreum
512 2217 741 2309 incendisse,
769 2240 830 2300 aut
853 2223 989 2299 caedem
1015 2216 1249 2317 perpetrasse,
1276 2219 1376 2305 cuius

324 2313 613 2413 in-suspicionem
644 2325 766 2409 venit,
790 2342 852 2404 ant
876 2322 959 2399 s'aiso
990 2317 1169 2396 accusatus
1203 2320 1251 2394 est
1270 2314 1377 2413 Jaco-

324 2413 413 2496 bus,
438 2417 474 2492 dt
499 2438 647 2516 propter
672 2446 805 2522 qnam,
829 2425 1003 2505 innocens
1031 2420 1137 2503 sicet,
1163 2441 1252 2496 mox
1276 2420 1378 2491 dama
1501 2466 1503 2471 ι
1606 2451 1662 2495 ,·

326 2515 464 2596 nandut
487 2519 545 2594 esi.
574 2519 694 2621 Quid,
722 2527 868 2622 inquam
895 2521 988 2603 tatto
1006 2542 1099 2625 opus
1119 2515 1192 2596 hoc
1211 2522 1246 2594 in
1265 2513 1375 2599 casir?

324 2608 532 2698 Teneturne
555 2619 708 2715 seipsum
741 2623 894 2720 prodere
924 2629 1091 2691 oraremus
1113 2672 1125 2704 ,
1151 2615 1255 2715 seque
1282 2621 1377 2717 peri·

324 2714 410 2793 cuso
432 2719 555 2811 capitis
578 2745 784 2818 exponere,
810 2740 850 2804 ut
870 2716 1059 2810 paceium,
1073 2719 1248 2805 criminis,
1270 2719 1373 2812 cujus

323 2810 395 2908 ipse
420 2817 543 2895 auctor
569 2821 641 2904 est,
661 2820 744 2903 sasso
765 2824 965 2899 accusatum
991 2812 1143 2895 liberet?
1261 2838 1264 2842 ’

376 2912 648 3011 Respondetor,
669 2945 743 2995 non
767 2926 902 3005 teneri,
928 2917 1113 3018 nequead
1139 2910 1174 2991 id
1203 2913 1375 3014 compelli¹

323 3035 344 3090 a
369 3010 589 3093 Consesiario
609 3018 755 3105 debere.
784 3019 806 3094 sr
828 3021 979 3115 prodere
999 3015 1145 3116 seipsum
1172 3037 1247 3091 non
1268 3013 1374 3110 possit

321 3113 453 3212 absque
475 3120 603 3204 certo,
633 3118 689 3198 vei
724 3120 898 3217 probabili
924 3118 1083 3214 periculo
1117 3117 1268 3207 mortis3
1290 3121 1373 3214 quis

321 3207 404 3324 ipse,
417 3234 490 3288 ¹10⁰
519 3216 569 3299 est
594 3219 693 3298 causa
721 3219 897 3308 insamiae,
916 3222 970 3294 ves
996 3215 1163 3315 periculi,
1185 3215 1221 3294 in
1244 3219 1375 3311 quibus

322 3315 476 3395 versatur
502 3317 686 3396 innocens·
723 3316 1094 3415 imprudentissime,
1117 3317 1219 3401 rixa,
1244 3318 1371 3411 minii,

320 3411 539 3501 infelicitati,
558 3417 757 3516 periculum
791 3421 890 3496 suum
913 3415 1062 3508 Jacobus
1093 3418 1256 3498 tribuat,
1293 3437 1372 3493 non

321 3519 499 3594 Mamm),
529 3520 590 3612 qui
613 3544 650 3597 es
674 3520 820 3618 quidem
844 3519 1032 3600 occafione¹
1050 3516 1130 3595 usus
1150 3514 1223 3598 est,
1250 3531 1290 3599 ιιι
1306 3518 1372 3596 inii
1410 3576 1418 3594 .

321 3619 458 3692 micum
481 3615 704 3703 ulcisceretur
719 3618 799 3702 ,sed
823 3643 897 3696 non
924 3642 969 3694 eo
989 3619 1185 3693 animo‚ut
1203 3609 1373 3703 Jacobnnr

320 3714 358 3788 in
383 3714 578 3805 pericolum
601 3722 796 3816 conjiceret
814 3774 824 3798 .
851 3719 886 3795 id
906 3717 1007 3818 quod
1031 3738 1106 3791 non
1122 3717 1236 3797 minos
1253 3718 1372 3799 incut-

321 3809 439 3905 ridet,
464 3810 489 3895 ii
513 3819 591 3911 quis
605 3817 690 3895 aiter
710 3822 850 3915 penitus
870 3821 1012 3914 ignarus
1035 3819 1120 3897 rixae
1143 3810 1269 3914 Jacobi
1285 3838 1370 3904 cunt

322 3908 457 4000 Petro,
482 3938 524 3998 ac
544 3920 740 4005 minarum,
756 3941 841 4013 quas
861 3916 966 3996 Petro
977 3914 1133 4017 jacobos
1157 3917 1371 4009 intentavit,

322 4008 468 4088 Petrum
496 4015 699 4101 occidisset,
722 4018 775 4092 nes
802 4019 875 4114 ejus
898 4018 1099 4098 horreum,
1129 4035 1191 4093 sut
1216 4013 1367 4092 domurn

321 4109 539 4203 incendisset·
567 4115 650 4194 Hoc
667 4120 775 4215 igitur
788 4123 824 4194 in
837 4116 916 4194 casu
933 4118 1087 4214 prudens
1108 4112 1366 4203 Consesitrius,

323 4210 380 4289 ves
407 4207 618 4310 Episcopus,
635 4220 737 4313 cujus
754 4221 790 4293 in
813 4217 888 4297 sinu
903 4239 1070 4295 arcanum
1087 4213 1171 4294 iliud
1187 4215 1372 4298 conscien.

323 4310 382 4387 tiae
405 4309 606 4406 depositum
627 4316 735 4396 inerit
758 4371 769 4402 ,
788 4317 884 4414 apud
909 4317 1064 4410 iudicem
1087 4329 1195 4407 agent
1220 4336 1265 4389 eo
1290 4335 1369 4388 mn.

323 4408 406 4505 do,
432 4433 540 4510 quem
568 4413 724 4508 superios
748 4418 929 4503 indicavi.
960 4436 999 4494 ut
1025 4418 1256 4491 innocentem
1284 4412 1369 4498 sibe-

325 4527 406 4605 τοις
431 4515 583 4589 Martios
609 4536 697 4597 veto
721 4516 1010 4620 persuadebunt,
1035 4530 1076 4601 ut
1111 4514 1238 4597 damna
1265 4508 1371 4601 Peon

786 4612 926 4719 Uno
1139 4709 1143 4738 ‚
1246 4611 1321 4697 tnr-
