3800 5417
504 576 598 677 dit
683 557 843 663 Theos
865 533 984 675 Doga
1004 562 1046 651 δι
1070 555 1223 655 mont
1255 557 1460 661 ·Lib.·lll.

314 709 466 798 ’ΜΨ
514 739 695 817 dicatione
729 733 932 814 concordet
959 731 1107 810 dicens:
1129 734 1215 810 Non
1250 736 1382 804 occider
1406 733 1456 822 soi
1480 735 1578 832 [apes

514 842 720 913 iracundiam
743 833 912 924 vestram,
933 837 976 905 (a
999 835 1099 903 nolite
1118 834 1224 904 locum
1244 836 1323 904 darc
1347 833 1504 919 diabolo‚·
1526 864 1579 915 te·

516 940 595 1017 latae
625 937 705 1016 sunt
734 939 839 1012 nobis
873 931 1114 1034 quorumdam
1151 932 1388 1012 Sacerdotem
1419 937 1580 1036 persona

516 1042 554 1117 in
569 1054 705 1115 tantam
720 1035 966 1114 obstinationis
980 1031 1176 1111 efferbuisse
1189 1033 1421 1111 discordiam
1441 1054 1484 1116 ut
1505 1063 1581 1116 non

515 1138 632 1217 solum
647 1137 733 1214 illos
752 1138 797 1212 ab
822 1138 870 1213 ira
890 1133 1036 1211 occasus
1054 1132 1134 1209 solis
1151 1157 1227 1211 non
1247 1145 1416 1224 revooet,
1434 1139 1493 1215 sed
1514 1161 1581 1217 nec

506 1236 649 1317 annosa
671 1235 816 1335 quidem
837 1234 1022 1311 transactio
1046 1251 1253 1330 temporum
1273 1234 1318 1311 ad
1339 1238 1482 1315 bonum
1497 1236 1583 1316 cha·

516 1340 628 1417 ritatis
650 1335 820 1427 reclinet3
851 1336 986 1433 quippe
1011 1334 1228 1431 inquorum
1256 1335 1427 1414 cordibus
1453 1342 1502 1416 ita
1530 1338 1582 1418 sol

516 1438 656 1536 justitia
675 1435 833 1515 Christus
853 1436 1026 1512 occubuit
1047 1476 1057 1510 2
1077 1451 1117 1512 ut
1131 1436 1176 1510 ad
1190 1436 1312 1511 lumen
1330 1435 1514 1515 charitatis
1529 1463 1584 1518 re-

516 1540 594 1615 dire
617 1540 678 1613 rix
701 1531 843 1633 possint.
869 1529 1017 1611 Horum
1046 1535 1155 1632 igitur
1187 1536 1225 1611 de
1254 1533 1421 1615 similium
1447 1538 1584 1617 discor·

517 1638 681 1715 dantium
700 1635 848 1712 fratrum
869 1633 1069 1711 oblationes
1092 1683 1101 1704 .·
1123 1635 1226 1729 juxta
1256 1640 1329 1713 anti
1358 1639 1394 1714 ui
1419 1634 1581 1718 Cononis

519 1735 788 1823 definitionem,
805 1733 908 1813 nullo
928 1734 1044 1810 modo
1066 1733 1284 1830 recipiendas
1297 1659 1365 1812 elie
1384 1739 1582 1818 censemus·
1627 1833 1629 1838 Ι

521 1835 583 1915 De
602 1836 758 1933 personis
783 1851 902 1913 tamen
929 1833 1207 1911 discordantium
1221 1834 1270 1910 id.
1287 1833 1481 1934 specialiter
1494 1840 1583 1917 desi-

523 1938 663 2014 nitione
692 1938 939 2032 precipimus.
967 1947 1007 2010 ut
1036 1949 1229 2035 antequam
1251 1957 1315 2013 eos
1334 1940 1581 2018 reconciliatio

525 2059 608 2114 rera
632 2037 811 2123 iruretlat,
831 2034 947 2111 nullus
968 2056 1094 2110 eorum
1117 2033 1285 2113 accedere
1299 2037 1344 2113 ad
1363 2036 1483 2114 Altare
1502 2038 1583 2119 Do·

525 2138 615 2215 mini
640 2134 852 2218 redeantes
868 2135 1020 2232 gratiam
1046 2132 1325 2214 Coormunionis
1350 2136 1474 2214 santiae
1503 2162 1581 2235 per·

526 2238 635 2331 cipiat
658 2254 671 2323 ι
698 2233 756 2310 sed
785 2288 794 2319 .
822 2238 1009 2331 geminato
1033 2249 1198 2330 tempore
1232 2259 1296 2332 per
1327 2239 1580 2336 poenitentiam

526 2335 838 2431 compensabunt,
867 2332 968 2430 quod
989 2331 1172 2410 discordiae
1193 2332 1403 2430 servierunt·¹
1425 2337 1597 2433 Quodsi·

526 2458 622 2515 unus
651 2457 779 2511 eorum
801 2432 901 2522 ,alio
922 2447 1213 2513 contemnente,
1242 2436 1288 2512 ad
1310 2433 1580 2517 satisfactionem

528 2534 708 2614 charitatis
719 2536 936 2624 cucurrerit3
952 2555 997 2608 ex
1012 2555 1057 2608 eo
1079 2550 1265 2633 tempore,·
1285 2551 1326 2612 ut
1341 2536 1512 2636 'pacificus
1528 2544 1583 2616 in·

527 2650 584 2712 tra
618 2630 805 2711 Ecclesiam
838 2648 1073 2732 receptetur,
1099 2656 1145 2708 ex
1167 2656 1244 2731 quo
1275 2636 1318 2711 ad
1343 2639 1580 2715 concordiam

517 2730 699 2811 destinasse
716 2735 969 2813 convinciturr
992 2731 1160 2809 sententia
1183 2749 1302 2811 tamen
1321 2734 1491 2833 superiori
1514 2738 1581 2814 ser·

527 2850 633 2922 tata.
657 2849 697 2910 ut
715 2849 857 2930 tempus
879 2831 980 2931 quod
999 2832 1145 2929 quisque
1164 2837 1201 2908 in
1230 2840 1278 2909 ira
1301 2835 1497 2935 expendit,
1516 2856 1581 2936 ge-

525 2938 703 3012 minatum
723 2937 758 3009 in
780 2937 1002 3031 poenitentias
1028 2932 1258 3010 satisfactione
1285 2937 1463 3032 persolvat
1480 2992 1503 3030 „
1519 2971 1558 3031 „a

577 3032 783 3111 Concilium
806 3031 1082 3123 Troslejanum.
1099 3055 1174 3107 can.
1193 3049 1253 3108 20.
1272 3089 1294 3125 „
1309 3090 1331 3126 „
1366 3034 1581 3116 cohibenda

523 3131 576 3209 cst
592 3134 793 3217 iracundia.
810 3132 970 3227 pellendo
982 3131 1152 3208 discordia
1164 3188 1174 3218 ,
1188 3133 1402 3213 refraenanda
1416 3136 1465 3213 est
1481 3141 1578 3225 rixa.

524 3247 567 3309 ut
591 3255 667 3307 non
694 3232 807 3309 solum
829 3232 954 3308 nostro
978 3235 1065 3308 vitio
1094 3253 1169 3307 non
1194 3255 1437 3330 provocemus
1452 3257 1582 3331 quem·

523 3354 657 3430 quarn.
673 3328 727 3405 sed
744 3347 783 3408 ut
800 3334 1011 3425 provocati,
1035 3333 1071 3407 dr
1087 3335 1241 3428 graviter
1254 3332 1343 3420 laesr,
1357 3336 1459 3431 juxta
1483 3335 1581 3413 Pauli

524 3454 657 3507 vocem
674 3429 802 3516 ‚fimus
821 3455 906 3508 cunr
934 3434 1100 3531 patientia
1124 3431 1373 3530 supportantes
1402 3439 1579 3522 invicem.

524 3531 564 3607 tr
586 3530 760 3607 donantes
777 3529 1059 3627 nobismetipsrs,
1079 3530 1102 3606 si
1118 3539 1197 3630 quis
1228 3532 1393 3610 adversus
1424 3534 1581 3631 aliquem

524 3628 633 3707 habet
644 3633 833 3727 querelam.
855 3629 955 3709 Sicut
970 3629 1070 3709 Deus
1082 3636 1117 3707 in
1129 3630 1272 3710 Clrrillo
1284 3632 1436 3712 donavit
1450 3636 1578 3721 nobis.

527 3732 576 3807 ita
594 3732 631 3805 &
652 3755 719 3808 nos
739 3732 957 3811 dimittamus
974 3735 1151 3816 invicem,
1169 3732 1270 3828 quod
1284 3734 1434 3811 debetur
1449 3734 1578 3823 nobis.

528 3842 572 3909 rrt
590 3831 810 3919 dimittatur,
834 3831 935 3929 quod
968 3834 1116 3908 debetur
1139 3856 1158 3908 a
1184 3833 1300 3908 nobis.
1326 3830 1414 3911 Tale
1443 3840 1581 3933 quippe

530 3929 674 4029 panum
698 3954 782 4009 com
812 3932 895 4009 Deo
927 3931 1074 4009 facimus
1101 3933 1137 4006 in
1171 3934 1337 4010 oratione
1363 3987 1376 4021 ,
1398 3932 1579 4012 dicendo:

489 4033 494 4038 ’
531 4034 682 4103 Dimitte
718 4028 807 4100 nobis
830 4028 939 4103 debita
964 4029 1100 4115 erodes,
1126 4026 1207 4115 ficut
1233 4034 1278 4103 o·
1299 4056 1356 4102 nus
1378 4036 1582 4107 dimittinius

530 4125 730 4200 debitoribus
758 4127 884 4207 nostrie.
919 4129 1026 4207 Unde
1062 4129 1288 4223 summopere
1309 4135 1511 4211 carendum
1531 4131 1581 4211 est

529 4230 698 4306 omnibus
711 4230 824 4304 nobis·
851 4230 925 4325 Qui
945 4233 1041 4306 enirn
1054 4252 1130 4306 non
1143 4230 1292 4309 dimittit
1306 4235 1338 4308 el
1349 4280 1359 4313 t
1374 4238 1436 4332 qui
1450 4233 1513 4310 srbi
1529 4232 1581 4313 fo·

528 4313 773 4423 cinniorum,
789 4331 861 4406 hoc
876 4328 1033 4427 petendo
1043 4353 1117 4406 non
1132 4351 1201 4427 pro
1214 4329 1247 4405 se
1258 4330 1342 4408 sacit
1354 4336 1576 4421 oradouenr,

529 4423 586 4504 sed
609 4427 846 4526 superinducit
867 4430 1173 4521 maledidionenr3
1190 4431 1225 4504 dr
1242 4429 1365 4509 ftustre
1376 4430 1439 4510 sibi
1454 4430 1579 4510 Deum

530 4531 728 4628 propitium
746 4529 821 4607 sieri
840 4532 988 4631 quaerit,
1003 4534 1063 4629 qui
1075 4530 1204 4628 placari
1214 4533 1391 4626 proximo
1411 4532 1579 4711 militm
