3800 5417
553 592 635 691 546
727 570 887 676 Theol
902 577 1021 691 Dog.
1042 513 1255 671 disard.
1274 574 1370 669 Lis.
1396 574 1478 670 liu
1560 585 1563 593 '

554 754 604 828 rei
615 796 626 830 r
638 749 735 829 aliud
758 751 947 850 cogitare?
959 747 1096 827 Nonne
1108 749 1157 826 illi
1180 764 1280 827 totus
1297 750 1458 825 animus,
1475 746 1515 823 da
1535 760 1621 826 cor·

557 873 625 948 pus
637 851 856 949 impenditur
873 899 884 935 ,
899 853 936 928 &
956 850 1063 946 ipsius
1091 852 1220 928 mentis
1232 849 1386 950 quadam
1405 848 1622 926 submersio·

560 975 608 1027 ne
628 949 715 1028 illud
740 967 942 1029 extremum
962 953 1038 1046 ejus
1059 949 1228 1045 impletur
1243 951 1259 1025 i
1272 947 1369 1027 Cum
1389 972 1476 1025 vero
1506 952 1621 1027 vincit

561 1054 667 1128 etiam
682 1054 921 1147 conjugatos,
951 1071 990 1127 ut
1009 1050 1386 1148 nonpropagatlonisc
1407 1047 1464 1123 sed
1495 1070 1622 1126 carna·

449 1238 465 1248 ⁷.
560 1151 604 1226 lia
622 1151 863 1229 deledationis
877 1152 1070 1247 cupiditate
1083 1148 1293 1225 misceantur
1309 1146 1436 1249 ,quod
1461 1148 1622 1243 Apollo*

354 1251 381 1305 ¹⁵
407 1231 475 1313 001·
494 1262 520 1318 7·
561 1247 616 1328 lus
640 1258 817 1321 Secundum
849 1258 1012 1338 veniam,
1031 1274 1093 1319 trun
1112 1246 1284 1334 strandum
1304 1251 1479 1337 imperium
1508 1248 1542 1323 s'e
1564 1249 1621 1325 di·

563 1346 650 1428 xilse
670 1351 836 1446 testatur3
851 1353 899 1427 ita
912 1348 1228 1445 hincemergltur,
1254 1348 1292 1424 δι
1313 1346 1409 1447 quasi
1438 1350 1474 1422 in
1493 1361 1619 1426 auram

563 1454 794 1548 cogitationis
808 1450 888 1548 post
919 1450 1019 1526 illum
1040 1454 1222 1545 gurgitem
1243 1447 1462 1550 respiratur,
1489 1462 1530 1525 ut
1557 1445 1620 1525 fiat

561 1550 670 1628 conse
700 1574 808 1637 uens,
827 1549 929 1646 quod
942 1573 1067 1627 verum
1092 1555 1141 1625 ait
1155 1550 1326 1647 quidam:
1347 1549 1394 1621 Er
1411 1551 1593 1640 penitenti
1605 1590 1619 1629 2

560 1672 629 1748 que
655 1574 698 1728 cll
731 1673 803 1722 carm
830 1654 1002 1743 voluptate
1026 1652 1186 1720 vicinitas
1213 1647 1222 1723 !
1248 1645 1342 1739 Quis
1365 1659 1457 1745 ergo
1476 1649 1619 1724 amatos

561 1749 722 1850 spiritalis
756 1751 876 1838 boni.
903 1751 1009 1827 etiam
1028 1747 1099 1825 sola
1122 1746 1221 1826 causa
1239 1747 1371 1826 sobolis
1395 1750 1636 1847 conjugatur

558 1870 638 1927 non
670 1849 967 1939 mallet,velsine
990 1849 1050 1925 ista
1077 1848 1101 1926 fi
1124 1846 1256 1951 possit,
1279 1849 1333 1928 vel
1354 1849 1426 1925 line
1443 1867 1516 1925 tam
1542 1864 1620 1924 mas

557 1955 686 2049 gnavi
709 1955 784 2041 rjus
818 1950 908 2026 filios
937 1971 1125 2045 procreare
1146 1950 1162 2025 i
1187 1947 1349 2027 obsecro
1377 1967 1436 2035 te,
1457 1969 1541 2025 non
1574 1946 1617 2024 sit

557 2050 745 2128 honestior
767 2049 990 2149 philosophia
1014 2053 1209 2147 gentium,
1232 2070 1340 2147 quam
1375 2048 1493 2125 nostra
1519 2046 1616 2123 chri·

560 2150 670 2227 strana
695 2205 706 2237 ,
731 2158 811 2247 quae
838 2164 907 2226 una
938 2149 988 2224 est
1015 2169 1096 2224 tera
1123 2148 1357 2245 philosophis·
1393 2145 1488 2225 Vide
1515 2156 1616 2224 enim

557 2249 662 2349 quod
672 2253 709 2327 in
730 2248 909 2328 Horteufii
918 2246 1080 2347 Dialogo
1099 2251 1193 2326 dicat
1209 2249 1360 2335 Tullius.
1384 2304 1407 2341 „
1436 2253 1491 2325 ilo
1521 2270 1613 2325 vero

558 2403 583 2445 ,
598 2348 616 2441 s
629 2354 736 2445 inquit
749 2346 767 2445 )
782 2351 986 2444 voluptates
998 2353 1158 2446 corporis
1174 2349 1405 2450 expetendae,
1417 2369 1615 2443 quaerere·

563 2505 588 2545 ‚,
603 2452 638 2527 ἃ
654 2457 837 2548 gravitera
854 2448 1004 2527 Platone
1030 2451 1129 2526 dislae
1152 2449 1233 2526 lunt
1246 2449 1417 2525 illecebra
1440 2446 1529 2542 esse,
1545 2450 1616 2525 uti⁶

559 2573 666 2649 „que
679 2568 786 2650 atque
803 2550 886 2627 esca
901 2551 1077 2627 malorum
1096 2548 1219 2643 tQuae
1242 2552 1336 2625 enim
1356 2547 1535 2625 consessio
1563 2547 1615 2625 est

558 2642 1612 2747 punietudinlsmuaedeformatiocoloris‚&corporis,quod

557 2768 701 2848 „turpe
721 2751 915 2836 damnum,
935 2752 1036 2848 quod
1059 2751 1239 2837 dedecus,
1263 2748 1364 2847 quod
1385 2773 1461 2824 non
1480 2772 1613 2826 evoce-

555 2864 674 2945 μοι,
699 2871 805 2950 atque
826 2851 982 2927 eliciatur
1008 2850 1192 2945 voluptate
1215 2848 1362 2943 iCujut
1391 2867 1544 2934 motus.
1570 2853 1613 2927 us

555 2951 742 3049 aquisque
756 2954 804 3028 est
817 2955 1017 3032 maximus,
1036 2955 1081 3025 ita
1101 2949 1149 3024 est
1174 2947 1425 3026 inimicissimus
1448 2948 1612 3050 philoso-

556 3048 695 3148 „phiaa
731 3050 944 3147 Congruere
971 3053 1065 3124 enim
1101 3067 1186 3125 tum
1219 3053 1442 3145 cogitatione
1477 3071 1611 3148 magne

472 3221 474 3225 ,
557 3151 765 3245 „voluptas
794 3153 957 3244 corporis
990 3173 1066 3224 non
1100 3146 1229 3245 potest
1271 3148 1364 3242 Quis
1391 3152 1487 3225 enim
1521 3171 1611 3228 cum

558 3303 583 3343 „
602 3253 720 3326 utatur
736 3251 920 3343 voluptate
944 3272 1008 3334 ea,
1033 3271 1103 3345 qua
1126 3248 1220 3325 nulla
1252 3246 1357 3346 pullu
1372 3250 1486 3354 prajor
1509 3248 1609 3338 elle.

557 3387 582 3443 5,
597 3349 776 3425 attendere
790 3372 929 3425 animo,
944 3351 1033 3423 loire
1058 3350 1258 3435 rationem,
1277 3354 1437 3446 cogitare
1450 3352 1609 3428 omnino

555 3486 581 3543 ς,
593 3448 789 3546 quidquam
816 3448 957 3545 potest?
979 3446 1074 3542 Quis
1100 3466 1219 3523 autem
1237 3462 1355 3526 tantus
1376 3449 1426 3524 est
1445 3469 1609 3549 gurgeta

556 3604 580 3643 ‚,
598 3554 659 3647 qui
675 3551 776 3637 dies,
806 3552 840 3626 dr
864 3551 986 3627 nosses
1010 3548 1080 3625 fine
1103 3550 1171 3625 ulla
1192 3551 1328 3623 minimi
1355 3552 1529 3645 temporis
1552 3553 1609 3627 iu·

555 3650 809 3744 „termillione
830 3651 913 3727 velit
936 3656 982 3727 ita
996 3653 1130 3725 moveri
1154 3649 1234 3724 suos
1252 3649 1364 3726 sensus
1378 3701 1382 3719 2
1397 3667 1438 3726 ut
1452 3669 1608 3726 moten-

553 3787 578 3842 ,·,
596 3764 653 3827 tut
671 3753 705 3825 in
720 3754 860 3826 summis
877 3752 1118 3846 voluptatibus
1132 3748 1147 3823 i
1159 3746 1378 3842 Quisautem
1392 3751 1487 3826 bona
1504 3765 1608 3827 men·

552 3903 577 3945 „
592 3868 628 3925 te
647 3852 812 3944 praeditus
825 3896 834 3942 2
848 3875 923 3926 non
948 3853 1069 3926 mallet
1091 3850 1201 3926 nullas
1225 3856 1378 3925 omnino
1392 3852 1498 3926 nobis
1513 3873 1607 3928 ana·

553 3963 670 4040 „tura
699 3953 898 4048 voluptates
924 3949 1150 4041 datas„l...
1186 3947 1436 4027 [rubescamus
1459 3955 1605 4031 interim

552 4053 643 4124 reris
675 4050 969 4143 disputationibus
999 4052 1194 4143 impiorum
1233 4054 1325 4147 ‚qui
1345 4052 1535 4128 didicimus
1563 4054 1605 4130 iu

552 4168 633 4225 vera
655 4173 744 4225 verae
765 4153 898 4241 pietatis
914 4185 924 4232 2
938 4150 1120 4244 sanusque
1146 4146 1391 4247 Philosophia,
1410 4152 1445 4227 dt
1470 4164 1604 4231 contra

551 4234 712 4352 spiritum
739 4273 879 4324 carnem
892 4305 902 4334 ‚
916 4252 952 4323 &
971 4269 1097 4326 contra
1112 4271 1254 4325 caruem
1269 4250 1522 4345 concupiscere
1534 4251 1603 4350 spi·

552 4352 662 4424 ritum
674 4405 694 4446 ‚,
706 4395 740 4440 „·
768 4347 821 4425 Ex
839 4349 892 4424 his
908 4347 1130 4441 perspicuum
1150 4348 1220 4434 est,
1242 4352 1392 4446 gentiles
1411 4354 1505 4447 ipsos
1520 4350 1603 4429 Phi.

553 4446 743 4547 lolopltos›
760 4450 835 4523 solo
857 4451 1019 4525 naturalis
1037 4453 1181 4522 rationis
1197 4447 1524 4547 lumineagnovilse
1544 4472 1602 4529 re·

551 4552 786 4647 pugnantiam
811 4572 965 4629 venereae
989 4546 1141 4627 libidinis
1162 4572 1247 4630 cum
1264 4550 1420 4630 humana
1444 4563 1600 4731 natata,

1496 4771 1516 4801 ,
