3800 5417
926 544 928 552 ¹
1058 554 1201 648 De
1254 553 1625 649 Peccatis
1675 552 2184 668 capitalibus.
2568 564 2822 673 575
2932 507 2936 519 Ι

628 722 834 816 sunt,
871 722 1014 803 five
1067 726 1425 806 versantur
1457 780 1481 815 ,
1523 748 1899 828 quotquot
1939 744 2103 804 ante
2144 724 2564 824 vigennium
2610 753 2741 807 an·

622 853 807 906 num
887 828 1023 904 tale
1092 832 1364 904 crimen
1439 832 1927 905 commiserint
1967 888 1987 916 ,
2059 832 2468 928 quindecim
2532 833 2736 908 annis

624 927 886 1007 exactis
928 929 1000 1002 in
1057 931 1515 1022 poenitentia,
1561 936 2084 1007 communione
2130 945 2533 1007 mereantur
2571 954 2735 1006 ora—

618 1032 941 1107 tionum»
1009 1024 1297 1104 Deinde
1356 1033 1855 1127 quinquennio
1889 1027 1972 1105 in
2023 1028 2157 1107 hac
2205 1032 2732 1106 communione

606 1130 1007 1211 durantes,
1047 1147 1225 1203 tunc
1280 1128 1576 1206 denium
1627 1130 2012 1206 oblationis
2058 1130 2508 1208 Sacramenta
2552 1152 2732 1206 con·

575 1232 937 1326 ‘tingant-
1015 1225 1449 1305 Dil'cutiatur
1497 1245 1735 1307 autem
1788 1229 1863 1305 δι
1925 1233 2061 1307 vita
2111 1252 2366 1316 eorum
2409 1270 2429 1305 2
2488 1229 2732 1328 quales

498 1415 506 1425 .
626 1326 1099 1426 poenitudinis
1131 1345 1458 1423 tempore
1495 1331 1895 1416 extiterint,
1943 1332 2138 1406 &ita
2179 1327 2732 1408 misericordiam

626 1428 1175 1520 consequantur.
1234 1427 1464 1516 Quod
1504 1429 1551 1503 si
1590 1431 2109 1523 inexplebiliter
2155 1430 2257 1504 his
2295 1427 2549 1505 haesere
2595 1431 2736 1506 cri..

625 1529 940 1604 minibus
978 1528 1065 1602 ad
1111 1528 1462 1624 agendam
1506 1534 2009 1628 poenitentiam
2058 1529 2401 1627 prolixius
2442 1523 2731 1629 πρωρεῖς
2830 1544 2831 1547 ‘

625 1626 1003 1704 insumant·
1055 1625 1457 1726 Quotquot
1493 1647 1731 1728 autem
1775 1631 2046 1723 peracta
2076 1630 2328 1726 viginti
2365 1640 2727 1708 annorum

626 1743 874 1814 oetate,
932 1727 1015 1808 ἀ.
1068 1752 1336 1806 uxores
1391 1727 1728 1806 habentes
1764 1785 1787 1814 ,
1846 1730 1995 1817 hoc
2040 1746 2343 1828 peccato
2413 1719 2727 1827 prolapfi

627 1837 835 1913 lunt,
880 1828 1136 1923 viginti
1176 1840 1498 1927 quinque
1534 1832 1736 1906 annis
1781 1828 2309 1927 p'oenitudinem
2353 1845 2735 1930 gerentes,

583 1963 587 1971 v
627 1934 705 2004 in
761 1933 1359 2005 communionem
1405 1927 1862 2028 suscipiantur
1938 1932 2376 2008 orationum.
2455 1926 2537 2006 ln
2583 1952 2730 2029 qua

626 2028 1130 2124 quinquennio
1181 2029 1640 2124 perdurantes
1695 2085 1715 2115 ,
1763 2046 1941 2108 tunc
1996 2026 2290 2109 demum
2343 2028 2728 2108 oblationis

626 2133 1075 2220 Sacramenta
1125 2132 1541 2226 percipiant·
1609 2126 1850 2223 Quod
1896 2124 1942 2207 si
1986 2133 2108 2232 'qui
2158 2131 2230 2206 ἃ
2291 2142 2556 2208 uxores
2602 2127 2732 2207 ha-

624 2230 925 2314 bentes,
967 2228 1041 2303 Bt
1107 2228 1677 2306 transcendentes
1734 2228 2405 2330 quinquageflmum
2454 2252 2731 2310 annum

628 2331 891 2414 oetatis,
947 2330 1040 2403 ita
1084 2326 1555 2426 deliquerint,
1602 2331 1691 2404 ad
1737 2333 2016 2409 exitum
2060 2335 2221 2412 vitae
2269 2335 2734 2410 communio·

631 2432 741 2504 nis
803 2430 1097 2524 gratiam
1146 2429 1674 2528 consequantur
1722 2477 1767 2522 ‚‚
1805 2474 1877 2522 ‚,.
2070 2435 2080 2452 “
2217 2474 2221 2478 -

734 2522 824 2604 Et
886 2525 1059 2604 Can.
1099 2525 1205 2604 16.
1249 2584 1294 2620 ‚,
1320 2586 1363 2620 ‚,
1423 2527 1612 2615 Eos,
1661 2533 1783 2622 qui
1818 2518 2378 2605 irrationabiliter
2417 2528 2731 2608 'vixerint

625 2625 669 2716 (
688 2625 764 2704 id
797 2627 895 2703 est
929 2677 951 2714 ,
1015 2632 1138 2727 qui
1180 2652 1348 2705 cum
1402 2623 1715 2705 masculis
1748 2678 1768 2712 ‚
1811 2630 1922 2705 vel
1987 2633 2212 2706 brutis
2255 2630 2729 2706 animantibus

626 2727 885 2805 nefarie
950 2732 1332 2804 commixti
1384 2721 1709 2816 fuerint>
1764 2733 1835 2804 ἃ.
1886 2731 2077 2828 lepra
2130 2730 2363 2821 iniusti
2413 2731 2728 2805 criminis

628 2830 805 2905 alios
864 2830 1303 2927 polluerint,
1348 2835 1683 2924 praecepit
1728 2828 1948 2907 santia
1996 2830 2331 2929 Synodus
2373 2833 2557 2904 inter
2598 2847 2727 2905 eon

631 2949 835 3005 orare
869 2970 892 3009 ,
934 2933 1059 3023 qui
1109 2929 1349 3026 spiritu
1388 2931 1867 3024 periclitantur
1913 2933 2293 3007 immundo
2348 2983 2392 3020 ‚,
2419 2968 2489 3019 „-

732 3024 892 3102 Hos
933 3050 1243 3104 canones
1283 3029 1629 3107 observari
1659 3085 1678 3115 ,
1728 3033 1799 3105 δι
1851 3028 2240 3107 secundum
2287 3030 2446 3105 illos
2489 3025 2730 3123 poeni·

632 3130 929 3203 tentiam
987 3129 1264 3223 imponi
1307 3128 1619 3219 decrevit
1669 3126 1953 3208 Concil·
1989 3128 2352 3208 Parisiense
2379 3142 2449 3204 6.
2505 3129 2622 3204 lib·
2659 3149 2724 3202 ιι

630 3244 791 3325 cap.
821 3247 937 3318 34·
1000 3283 1043 3318 ‚,
1076 3276 1119 3319 „
1174 3224 1479 3306 Proinde
1529 3234 1865 3307 omnibus
1919 3234 2126 3307 nobis
2179 3230 2379 3333 valde
2425 3223 2730 3304 necessa·

630 3332 815 3404 rium
854 3327 1075 3403 visum
1108 3328 1248 3414 est,
1292 3344 1375 3407 ut
1426 3332 1716 3426 quidam
1764 3329 2224 3412 Sacerdotes,
2270 3332 2403 3428 qui,
2437 3331 2581 3405 hoc
2621 3331 2731 3402 vi-

631 3433 811 3503 tium
863 3428 1060 3504 aliter
1113 3466 1137 3506 2
1175 3452 1388 3525 quam
1450 3431 1614 3505 sacri
1662 3431 1995 3508 canones
2043 3430 2398 3514 sanciant.
2441 3427 2727 3505 nonad

630 3526 920 3607 salutem
952 3578 974 3615 ,
1019 3527 1131 3604 sed
1193 3530 1280 3604 ad
1349 3529 1854 3626 deceptionem
1910 3534 2303 3607 animarum
2351 3532 2663 3624 puniunt
2696 3573 2724 3614 ,

630 3633 1120 3725 corrigantur,
1173 3631 1247 3705 δι
1298 3629 1726 3706 instruantur
1768 3673 1791 3713 ,
1828 3645 1907 3708 ut
1949 3632 2322 3707 codicibus
2365 3633 2732 3723 poeniten·

631 3730 911 3804 tialibus
958 3728 1241 3822 prorsus
1278 3732 1615 3806 abdicatis
1643 3781 1664 3813 ‚
1702 3749 1826 3828 per
1856 3752 2043 3828 quos
2081 3718 2283 3806 multi
2329 3730 2521 3804 inani
2560 3727 2726 3823 spe,

633 3829 710 3900 δε
764 3826 1217 3921 promiffione
1247 3831 1526 3927 decepti
1558 3830 1715 3906 sunt
1737 3873 1759 3914 2
1789 3833 1859 3905 ἃ
1891 3832 2381 3922 decipiuntur,
2437 3831 2526 3904 ab
2555 3828 2731 3904 hino

634 3941 1023 4024 patratores
1064 3945 1208 4005 tam
1254 3928 1766 4018 nefandissimi,
1819 3930 2130 4029 Deoque
2165 3928 2583 4008 detestabilis
2622 3929 2730 4001 vi·

633 4029 754 4103 tii,
806 4027 1189 4104 secundum
1236 4034 1580 4124 judicium
1621 4036 2093 4115 canonicum,
2124 4030 2325 4127 quod
2364 4033 2442 4105 in
2486 4031 2731 4131 Ancy-

636 4127 839 4204 riano
861 4125 1197 4205 Concilio
1220 4129 1343 4208 sub
1374 4135 1478 4207 tit.
1512 4127 1624 4208 16.
1655 4134 2101 4220 continetur,
2123 4132 2529 4227 iudicentur
2549 4169 2675 4222 ‚„,·

1196 4280 1856 4368 REGULA
1953 4278 2165 4372 LX.

633 4440 924 4520 Clericis
969 4442 1043 4520 in
1102 4441 1523 4524 Sodomiam
1561 4442 1805 4544 lapsis,
1840 4444 1951 4522 vel
2001 4449 2126 4546 qui
2164 4437 2233 4523 se
2278 4438 2446 4531 diu,
2478 4462 2564 4520 ac
2595 4437 2754 4517 fre..

737 4560 1040 4641 quenter
1083 4547 1179 4624 ad
1215 4548 1693 4649 pollutionem
1739 4546 1867 4623 soii
1906 4550 2310 4628 excitarunt
2343 4570 2368 4633 3
2417 4543 2520 4621 vel
2560 4559 2733 4622 cun!

631 4637 828 4721 Tam·
877 4645 942 4725 V
970 4647 1098 4721 11.
1625 4643 1700 4731 O
1748 4669 1802 4724 ο
2291 4695 2295 4700 ,
2489 4639 2638 4722 alii·
